3184 4994
765 398 987 461 ..24-

288 583 459 654 invenisse
494 588 655 672 arbitror,
693 609 764 657 cum
809 591 957 674 Bergkio
1001 596 1226 677 consentitffl).
1274 597 1392 678 itaque
1425 619 1462 667 ex

288 694 442 775 parabasi
453 778 455 781 ι
468 695 657 805 1ἐεροεαοε
674 698 787 781 colligi
811 717 875 764 non
899 705 1010 782 potest
1026 720 1095 767 cam
1113 703 1270 787 fabulam,
1296 724 1361 786 qua
1377 727 1458 774 anuo

288 807 353 867 423
371 804 593 886 sycophantae
609 804 758 895 vellicati
776 811 864 889 sunt,
883 814 1018 889 propter
1034 811 1273 892 expeditionem
1286 812 1459 881 Euboicam

288 911 443 992 scriptam
470 930 552 977 esse.

393 1037 462 1102 Iam
478 1038 615 1118 Bergkii
638 1039 825 1104 coniectura
842 1040 910 1104 solo
928 1042 1059 1107 nomine
1076 1042 1308 1111 Onerariarum
1332 1045 1457 1133 nititur,

288 1145 373 1225 quod
398 1164 512 1211 nomen
538 1145 684 1210 Kockins
708 1148 812 1211 multo
837 1148 1041 1227 probabilius
1072 1150 1251 1230 explicavit
1275 1151 1458 1236 fragmento

288 1258 354 1318 400
374 1253 498 1336 (111γιη.
511 1255 553 1319 ld.
568 1259 643 1339 619,
660 1252 726 1336 12),
744 1255 827 1334 quod
854 1261 926 1335 post
944 1256 1081 1337 Bergkii
1098 1275 1195 1323 curas
1212 1266 1377 1340 repertum
1398 1270 1457 1344 est,

286 1381 358 1426 cnm
383 1361 503 1427 ceteris
528 1361 710 1451 coniuncto.
759 1362 871 1442 Neque
892 1363 983 1427 enim
1013 1364 1126 1444 inepte
1156 1367 1297 1432 coniecit
1327 1368 1457 1434 iniuriis

287 1478 322 1534 et
347 1469 674 1535 Lacedaemoniorum
700 1476 733 1534 et
759 1470 1010 1536 Atheniensium
1035 1471 1175 1538 navibus
1210 1475 1373 1542 onerariis
1405 1476 1458 1543 ad-

288 1570 392 1643 vectis
417 1581 517 1657 atque
539 1576 573 1642 in
610 1576 738 1661 trutina
774 1576 889 1659 positis
912 1596 1024 1659 pacem
1051 1577 1173 1645 factam
1211 1599 1293 1647 esse.
1341 1584 1460 1650 Huius·

287 1686 372 1750 modi
395 1682 541 1750 fabulam
567 1685 601 1749 in
626 1686 847 1766 sycophantas
869 1685 1073 1764 potissimum
1096 1687 1252 1769 scriptam
1276 1707 1350 1756 esse
1373 1692 1458 1757 haud

286 1792 467 1859 verisimile
491 1802 551 1859 est.

308 2010 311 2015 Ι
354 1909 357 1914 ’
392 1920 463 1984 Iam
487 1919 706 1999 quaerendum
731 1925 792 2001 est,
817 1936 891 1983 num
907 1937 970 1999 qua
984 1919 1050 1984 alia
1063 1919 1175 1986 fabula
1189 1922 1329 1988 henneis
1345 1943 1374 1991 a.
1393 1927 1456 1990 423

286 2028 525 2108 Aristophanes
569 2028 791 2109 sycophantas
850 2027 1010 2107 petivisse
1060 2028 1222 2094 videatur.
1290 2030 1457 2098 Communi

287 2142 395 2201 autem
418 2153 577 2201 consensu
602 2134 643 2199 ad
667 2134 725 2199 illa
750 2143 896 2213 tempora
919 2134 983 2199 viri
1007 2134 1094 2199 docti
1117 2136 1353 2218 Aristophanis
1363 2140 1458 2221 Agri·

286 2244 374 2310 colas
409 2242 567 2326 referunt,
604 2242 776 2308 Plutarchi
812 2244 883 2306 loco
920 2241 989 2306 nixi
1025 2241 1111 2325 (Nic.
1137 2244 1182 2325 0).
1230 2245 1342 2326 Neque
1366 2245 1458 2312 (111111-

285 2352 438 2437 1εοἰῐηιιε,
471 2351 549 2431 quin
586 2351 665 2416 haec
700 2349 816 2415 fabula
851 2350 893 2415 ad
934 2369 1052 2416 aunrrm
1099 2356 1165 2416 423
1214 2332 1392 2437 pertineat,
1429 2357 1458 2420 si

287 2459 507 2525 demonstrari
524 2459 648 2539 poterit
664 2459 920 2539 Aristophanem
937 2476 976 2522 ea
988 2459 1213 2539 sycophantas
1245 2460 1459 2528 lacessivisse.

288 2575 398 2648 Atque
433 2585 473 2632 ex
508 2566 704 2649 fragmentis
739 2565 906 2648 colligitur
942 2565 1105 2648 agricolas
1128 2566 1214 2631 bello
1238 2565 1344 2634 fessos
1368 2571 1455 2654 (106,

291 2676 367 2757 100)
391 2693 470 2754 pace
494 2679 688 2754 recuperata
712 2674 1082 2757 (101,108,110,111)
1107 2673 1255 2740 laetitiae
1272 2674 1455 2760 indulsisse.

287 2785 327 2849 In
352 2782 509 2848 eiusmodi
533 2780 648 2847 tabula
672 2780 885 2862 sycophantia
908 2781 1000 2846 locus
1024 2799 1097 2847 esse
1120 2802 1200 2848 nou.
1221 2785 1365 2852 videtur.
1412 2786 1458 2850 At

286 2890 573 2973 Wilamowitzius,
598 2906 793 2970 quamquam
819 2888 997 2978 Onerariae
1022 2889 1166 2955 Lenaeis
1190 2892 1267 2957 cuni
1283 2899 1348 2958 423
1366 2899 1459 2958 actas

286 3000 435 3082 putabat,
472 3017 542 3063 eam
577 2996 662 3063 viam
697 2994 867 3077 iudicavit,
892 3014 957 3075 qua
981 2998 1201 3078 sycophantae
1225 3000 1260 3064 iu
1284 3000 1459 3082 Agricolas

286 3107 394 3172 induci
441 3110 601 3186 poteraut.
663 3103 809 3170 coniecit
854 3103 939 3169 enim
987 3104 1031 3186 (p.
1073 3107 1129 3187 21)
1177 3104 1320 3172 fortasse
1367 3106 1461 3188 frag-

285 3219 395 3281 mento
431 3216 530 3295 Supra
565 3211 731 3293 adscripto
770 3210 865 3294 (100)
899 3211 996 3277 nixus
1028 3230 1085 3292 per
1112 3218 1264 3297 γέροντος
1287 3217 1463 3298 πρινίνους

286 3380 434 3388 ——ae—
439 3383 497 3390 -...

339 3485 371 3549 ¹⁸)
390 3483 509 3537 Exstant
527 3483 597 3536 enim
617 3482 644 3535 in
663 3480 772 3534 scholiis
790 3481 857 3535 haec
875 3481 968 3538 (10421
987 3467 1018 3534 οὗ
1037 3487 1093 3540 τοῖς
1111 3484 1234 3541 πολίταις
1252 3479 1329 3535 τοῦτο
1355 3479 1463 3554 προσῆ-

393 3587 456 3642 ψεν,
489 3562 556 3627 ἄλλα
583 3579 640 3631 τοῖς
668 3571 762 3638 ξένοις,
783 3574 811 3623 αἱ
830 3566 885 3643 γὰρ
912 3570 1014 3629 ξενικαὶ
1035 3573 1108 3624 δίκαι
1127 3569 1173 3624 ἐπὶ
1202 3569 1250 3625 τοῦ
1277 3564 1462 3645 πολεμάρχου

392 3658 545 3736 εἰσήγοντο,
560 3664 585 3716 οἱ
600 3661 629 3716 δὲ
642 3664 689 3716 καὶ
701 3664 832 3734 βοηθείας
851 3657 981 3736 δεόμενοι
999 3658 1046 3714 ἐπὶ
1056 3655 1107 3731 τὴν
1120 3647 1213 3734 ἆρχὴν
1225 3660 1398 3732 κατέφευγον
1408 3660 1463 3716 τοῦ

391 3747 581 3829 πολεμάρχου.
608 3738 676 3805 atad
693 3753 740 3805 καὶ
760 3753 786 3804 οἱ
803 3749 1024 3823 κατηγοροῦντες
1043 3750 1147 3822 γονέων
1165 3743 1310 3810 κακώσεως
1329 3745 1396 3826 πρὸς
1410 3742 1463 3805 τὸν

391 3843 572 3917 πολέμαρχον
591 3834 745 3906 ε’έικέζοντο
763 3827 892 3900 κακεῖνος
910 3839 1026 3912 ἔκρινεν,

427 3934 501 4001 Quae
520 3932 604 3999 primo
628 3932 689 4003 loco
716 3930 817 3999 scripta
836 3936 908 3997 sunt,
928 3944 992 3983 vera
1010 3944 1067 3984 esse
1086 3937 1139 3982 non
1158 3931 1280 3996 possunt
1298 3927 1467 3982 Namantea

391 4023 587 4091 Aristophanes
614 4022 693 4076 dixit:
724 4020 770 4075 εἀὶ
789 4028 846 4080 τοῖς
864 4007 1043 4093 ἆπράγμοοιν
1062 4010 1147 4094 ὑμῶν.
1185 4017 1347 4071 Pronomine
1366 4021 1465 4071 antem

391 4106 503 4189 ,,ὗμεῑς“
531 4118 704 4179 spectatores,
733 4110 854 4178 inprimis
881 4109 968 4177 igitur
995 4109 1066 4162 cives
1093 4107 1272 4162 Athenienses
1301 4106 1468 4173 alloquitur.

390 4203 464 4270 Quae
495 4209 635 4271 praeterea
665 4201 823 4258 afferuntur.
855 4198 956 4252 nullius
983 4199 1062 4266 pretii
1101 4209 1173 4252 snut.
1234 4196 1303 4250 Nam
1335 4211 1368 4249 ex
1397 4195 1468 4262 ipso

389 4294 571 4361 Aristophane
598 4291 741 4358 desumpta
769 4304 826 4344 ease
845 4289 979 4344 videntur.
1016 4288 1108 4355 Neque
1135 4292 1227 4341 tamen
1252 4286 1388 4354 intellego,
1408 4300 1470 4340 cur

389 4384 585 4453 polemerchum
604 4380 800 4448 Aristophanes
818 4379 861 4433 hic
880 4378 1135 4433 commemoraverit.
