3184 4994
709 402 931 463 -.10-

233 593 274 660 ad
310 594 420 676 priora
455 599 603 675 tempora
634 592 827 661 referendas
863 611 936 659 esse
971 597 1225 660 cousentaneum
1267 580 1410 660 ridetur.

232 700 447 768 Pherecrates
474 701 571 777 euim,
600 699 630 767 si
662 701 832 767 Dobraeus
860 707 950 767 recte
975 701 1113 767 coniecit
1137 701 1224 783 apud
1248 721 1342 768 anou.
1368 702 1408 767 de

234 844 314 893 com.
353 823 502 910 (Diibner
537 845 580 907 p.··
602 825 681 910 XV)
704 843 762 908 pro
786 822 868 902 „dul
891 821 1060 909 0εαῖροιοι
1097 821 1180 904 „int
1216 823 1408 909 cecropem

234 933 442 1000 scribendum
479 952 570 1017 esse,
605 932 671 999 iam
703 952 730 999 a.
762 938 827 999 438
857 933 939 999 vicit
968 928 1081 1015 Neque
1105 935 1209 1001 ullum
1233 934 1407 1017 vestigium

233 1045 354 1124 exstat,
391 1058 455 1121 quo
490 1039 654 1106 indicetur
689 1059 761 1107 eum
799 1040 898 1107 etiam
930 1041 1036 1107 altera
1061 1048 1155 1123 parte
1179 1041 1256 1108 belli
1280 1039 1411 1107 fabulas

235 1146 425 1227 docuisset).
1337 1160 1340 1163 ·

343 1254 514 1337 Hermippi
550 1274 665 1339 porro,
703 1255 755 1320 cui
801 1254 921 1321 Suldas
976 1273 1143 1321 numerum
1183 1255 1411 1336 'quadraginta

235 1358 435 1428 fabularum.
452 1361 628 1443 adscribit,
663 1380 778 1429 novem
814 1362 1050 1429 comoediarum
1080 1354 1269 1445 fragmenta
1292 1362 1410 1428 relicta

236 1477 323 1554 suut,
349 1470 532 1551 exquibus
567 1476 724 1550 quattuor
758 1476 833 1551 post
867 1470 998 1536 initium
1023 1470 1104 1536 belli
1127 1470 1162 1535 iu
1185 1488 1315 1537 scenam
1341 1489 1411 1551 pro-

237 1577 376 1643 dierunt.
422 1578 472 1644 De
497 1583 677 1644 ceterarum
702 1577 902 1659 temporibus
926 1578 1008 1643 nihil
1032 1578 1112 1643 certi
1136 1575 1277 1660 proferri
1294 1584 1410 1659 potest,

234 1685 291 1751 sed
327 1684 396 1750 veri
432 1684 539 1751 simile
575 1692 628 1750 est
662 1703 735 1750 eum
772 1690 849 1751 ante
875 1685 993 1751 bellum
1010 1686 1111 1751 *haud
1134 1703 1258 1767 paucas
1280 1683 1411 1751 fabulas

235 1791 395 1859 docuisse.
441 1793 523 1858 Nam
548 1810 633 1858 auno
656 1796 721 1858 432
746 1799 874 1874 poetam
900 1794 965 1859 iam
982 1792 1062 1859 satis
1078 1812 1198 1875 magna
1214 1794 1413 1859 auctoritato

235 1899 384 1966 floruisse
421 1899 498 1966 iude
534 1899 724 1986 colligitur,
761 1901 845 1981 quod
880 1899 939 1966 illo
974 1919 1059 1966 anno
1093 1900 1267 1983 Aspasiam
1299 1899 1332 1966 iu
1361 1902 1412 1966 ius

236 2007 367 2074 vocavit
391 2007 491 2088 (Plut
527 2004 642 2073 Pericl.
679 2012 734 2089 32)
772 2007 842 2091 Quo
879 2015 988 2074 autem
1025 2017 1170 2088 tempore
1195 2008 1323 2094 obierit,
1347 2027 1411 2074 non

237 2120 375 2181 constat.

342 2224 484 2290 Restant
517 2223 552 2289 in
586 2225 649 2289 hac
688 2223 805 2289 indicis
848 2224 996 2289 columna
1043 2223 1175 2289 nomina
1221 2221 1412 2304 Phrynichi,

237 2329 375 2413 Myrtili,
411 2327 601 2413 Eupolidis
639 2331 795 2412 quiante
829 2331 953 2397 bellum
978 2330 1128 2397 docuisse
1162 2348 1226 2395 uon
1252 2329 1413 2397 videntur.

238 2438 356 2520 Itaque
387 2438 453 2503 iam
488 2438 568 2504 licet
601 2439 643 2503 ad
678 2444 826 2521 tempora
861 2456 973 2505 earum
1008 2436 1194 2504 fabularum
1230 2437 1414 2503 definienda

240 2546 394 2631 transire,
419 2564 504 2626 quae
527 2553 637 2613 aetate
661 2546 738 2613 belli
762 2552 857 2613 actae
880 2553 967 2613 sunt.
1027 2596 1030 2602 .

347 2643 398 2719 Ab
422 2672 508 2720 anno
525 2658 589 2719 431
618 2655 660 2727 ad
684 2672 804 2719 annum
824 2660 888 2720 405
908 2650 981 2737 (hoc
998 2654 1083 2720 enirn
1102 2653 1257 2736 temporis
1269 2652 1412 2733 spatium

240 2759 469 2842 tractabimus)
509 2767 638 2826 centurn
674 2761 849 2842 sexaginta
879 2762 963 2827 duae
997 2760 1181 2828 comoediae
1211 2761 1245 2826 in
1279 2778 1411 2826 scenam

240 2868 430 2933 commissae
466 2873 553 2935 sunt.
604 2867 656 2933 Ex
698 2869 759 2934 hoc
795 2887 930 2934 numero
964 2867 1191 2950 undetriginta
1227 2867 1413 2934 fabularum

240 2981 388 3057 tempora
409 2975 560 3055 reliquiis
585 2975 836 3041 didascaliarum
860 2977 955 3042 nobis
977 2975 1101 3042 tradita
1124 2982 1211 3051 suut,
1237 2976 1279 3041 ad
1305 2983 1415 3041 cetera

245 3081 429 3149 definienda
447 3083 486 3147 'et
509 3083 693 3165 fragmenta
711 3084 896 3150 fabularum,
914 3084 1104 3149 amissarum
1122 3091 1156 3149 et
1171 3084 1413 3167 Aristophanis,

242 3207 325 3270 quaa
361 3195 560 3272 urarrserunt,
597 3191 779 3257 comoediae
814 3191 909 3256 uobis
953 3191 1156 3257 adhibendae
1180 3199 1266 3256 sunt.
1307 3192 1412 3271 Saepe

241 3297 326 3363 eninr
350 3296 587 3378 Aristophanes
621 3297 759 3363 aliorum
792 3298 985 3364 comicorum
1015 3297 1147 3364 fabulas
1178 3316 1249 3363 cum
1291 3298 1414 3366 invidia

241 3413 479 3471 commemorat.
594 3407 596 3410 ⁴

349 3516 459 3594 Atque
484 3510 617 3577 difficile
647 3521 698 3577 est
732 3513 817 3578 hanc
851 3513 934 3579 satis
968 3532 1118 3596 magnam
1143 3513 1313 3580 materiam
1339 3522 1415 3597 apte

242 3619 398 3686 dividere.
444 3620 557 3701 Neque
592 3620 676 3686 enim
701 3639 753 3687 res
775 3620 824 3686 ita
858 3621 987 3687 institui
1012 3627 1128 3702 potest,
1153 3629 1190 3687 ut
1213 3621 1413 3715 singulorum

243 3732 428 3808 poetarum,
447 3724 581 3792 tabulas
605 3726 757 3808 deinceps
782 3735 968 3795 tractemus.
1013 3729 1095 3794 Nam
1122 3729 1313 3810 saepissime
1337 3736 1415 3793 tcm-

242 3854 323 3916 pora
346 3832 531 3900 fabularum
558 3835 653 3900 unius
678 3842 792 3917 poetae
816 3837 953 3903 alterius
977 3836 1151 3903 comoediis
1174 3855 1239 3901 uon
1257 3836 1416 3902 adhibitis

243 3940 373 4007 definiri
410 3945 478 4006 non'
515 3948 660 4022 possunt.
723 3942 832 4026 Quare
870 3944 1026 4024 optimum
1066 3944 1128 4010 erit
1168 3942 1415 4022 Wilamowitzil

305 4139 328 4208 ⁸)
345 4137 430 4191 Denis
447 4136 481 4205 (I,
499 4153 525 4204 p.
544 4137 608 4205 203)
627 4137 814 4191 Pherecratem
835 4152 918 4204 usque
937 4137 970 4191 ad
989 4152 1090 4190 annnrn
1120 4140 1174 4193 not
1202 4136 1322 4190 docuisse
1351 4135 1417 4190 dicit

352 4227 440 4281 causis
459 4243 510 4281 non
521 4227 621 4281 allatis.
641 4257 673 4265 -
693 4227 737 4280 De¹
752 4227 862 4281 incertis
880 4226 938 4281 aius
956 4226 1056 4280 fabulis
1074 4227 1124 4280 hoc
1142 4227 1200 4281 loco
1219 4243 1272 4280 non
1291 4242 1416 4296 agemus3

352 4334 419 4385 nam·
434 4333 595 4388 quamquam
626 4332 672 4371 eas
700 4316 763 4371 belli
782 4322 873 4372 aetate
892 4321 968 4371 actas
993 4331 1050 4371 esee
1070 4316 1128 4372 reri
1147 4316 1233 4372 simile
1251 4321 1293 4371 est
1307 4316 1418 4383 (Athen.

353 4407 400 4476 VI,
420 4408 514 4476 adae),
534 4411 625 4462 tamen
645 4405 814 4461 accuratiora
832 4405 894 4461 sciri
912 4411 1059 4475 nequeunt.
