3184 4994
649 454 870 516 ..41-

168 651 365 733 peculiarem
402 649 436 714 ln
470 647 704 730 Hyperbolum.
731 647 876 712 fabulam
911 642 1138 726 composuisse,
1171 661 1265 723 quarn
1290 642 1350 707 hoc

167 759 239 823 loco
263 758 328 823 dici
352 757 386 822 in
411 755 544 821 scholiis
567 755 759 819 adnotatum
785 759 846 836 9ε1,
871 752 928 818 sed
946 750 1139 816 ‘Memekins
1173 749 1349 830 ceterique,

168 865 326 946 quiante
359 865 514 930 Cobetum
551 862 591 927 de
624 861 685 926 hac
716 879 753 926 re
784 861 947 941 dixerunt,
979 859 1040 923 hoc
1062 858 1238 943 negabant,
1263 856 1348 937 quod

170 973 322 1038 Platonis
359 972 585 1054 Hyperbolum
620 975 694 1050 post
717 967 903 1051 Hyperboli
938 966 1162 1031 ostracismum
1192 964 1348 1043 scriptam

169 1098 241 1147 esse
265 1081 329 1146 sibi
354 1085 594 1162 persuaserant.
619 1080 730 1158 Atque
754 1065 996 1142 concedendum
1021 1082 1071 1138 est
1095 1072 1166 1138 lieri
1187 1071 1347 1153 potuisse,

168 1196 205 1254 ut
244 1187 357 1253 fabula
412 1186 551 1267 quadam
595 1184 777 1268 Hyperboli
813 1183 1025 1255 ostracismus
1061 1181 1348 1263 perstringeretur.

168 1297 264 1361 Hanc
280 1295 490 1370 sententiam,
515 1311 611 1374 quam
628 1292 727 1357 etlam
744 1291 948 1371 Zurborgius
965 1289 1120 1373 (Hermes
1136 1287 1205 1352 XII
1219 1306 1248 1368 p.
1270 1284 1347 1363 199)

172 1407 304 1468 secutus
329 1408 389 1484 est,
415 1401 600 1471 Meinckius
625 1400 835 1482 comprobare
858 1403 997 1463 conatur
1019 1394 1206 1477 fragmento
1223 1393 1347 1459 incerto

169 1509 222 1588 (K.
264 1512 351 1591 187),
387 1508 471 1590 quod
511 1507 598 1589 apud
638 1506 850 1572 Plutarchum
891 1505 1017 1570 duobus
1046 1504 1129 1569 locis
1153 1500 1347 1567 invenimus.

169 1618 255 1699 (Alc.
281 1615 378 1683 XIII.
403 1616 473 1681 Nic.
497 1615 570 1696 XI.)

167 1726 276 1787 καίτοι
298 1727 448 1807 conpara
472 1716 693 1807 τῶντρόπων
717 1719 779 1803 μὲν
804 1718 888 1805 ἄξια,

168 1825 269 1897 αὑτοῦ
294 1830 328 1894 δὲ
352 1831 408 1894 καὶ
431 1834 496 1894 τῶν
519 1821 871 1910 apparabantur

167 1934 205 2002 οὐ
229 1935 288 2025 γὰρ
311 1934 472 2003 τοιούτων
497 1930 594 2002 εἵνεκ’
618 1931 750 2021 ὄστραχ’
773 1931 955 2021 rapsace).

166 2048 221 2113 ubi
246 2047 431 2114 Meineltius
456 2046 627 2111 adnotavit
651 2046 746 2110 haec:
796 2045 867 2123 „Ad
892 2046 1116 2126 Hyperbolum
1142 2044 1221 2109 haec
1254 2061 1345 2109 revo-

166 2154 270 2219 canda
294 2171 366 2220 esse
390 2171 484 2218 nemo
510 2151 701 2216 dubitabit.“
751 2153 797 2216 At
831 2151 916 2231 quod
940 2151 1037 2216 Plato
1068 2149 1214 2223 fabulam
1242 2168 1344 2231 quan·

166 2260 240 2325 dam
264 2276 303 2325 eo
326 2260 533 2342 potissimum
558 2258 693 2324 consilio
718 2257 860 2343 scripsit,
885 2264 923 2323 ut
935 2258 1158 2340 Hyperbolum
1182 2257 1344 2338 irrideret,

165 2386 237 2433 eam
269 2369 309 2434 ob
345 2386 479 2435 causam
514 2385 579 2432 non
620 2366 728 2431 omnia
761 2364 957 2448 fragmenta,
995 2365 1113 2445 quibus
1138 2366 1224 2431 idem
1251 2366 1345 2430 homo

165 2480 447 2560 commemoratur,
472 2475 513 2539 ad
538 2474 673 2540 eandem
698 2474 894 2540 comoediam
918 2472 1092 2539 referenda
1114 2478 1201 2538 sunt.
1232 2473 1346 2564 Neque

164 2584 249 2649 enim
285 2584 319 2649 in
354 2584 433 2650 solis
468 2583 646 2663 Equitibus
691 2582 766 2648 Cleo
801 2583 841 2647 ab
883 2582 1105 2662 Aristophane
1149 2581 1344 2646 nominatur.

164 2692 281 2772 ltaque
305 2691 369 2756 nisi
395 2710 436 2757 ex
459 2692 507 2757 eis
532 2690 738 2773 fragmentis,
763 2708 846 2770 ottae
869 2689 910 2754 ad
927 2690 1151 2772 Hyperbolum
1177 2689 1343 2770 pertinere

165 2798 330 2880 adscripto
354 2798 488 2865 fabulae
526 2799 624 2864 titulo
661 2805 799 2883 corastat,
826 2796 1071 2863 demonstratur
1094 2797 1238 2863 tabulam
1264 2804 1343 2863 aute

165 2903 256 2969 illum
293 2907 519 2973 ostracismnm
554 2913 658 2972 actam
696 2925 760 2970 non
795 2923 876 2987 esse,
914 2923 976 2969 non
1013 2912 1073 2986 est,
1099 2905 1183 2986 quod
1218 2905 1341 2971 scholio

164 3010 259 3077 fidem
285 3011 489 3094 denegemus.
530 3019 638 3095 Atque
662 3033 702 3079 cx
726 3014 832 3079 tribus
849 3011 1045 3094 fragmentis
1061 3013 1153 3096 (167,
1174 3020 1246 3099 166,
1263 3015 1341 3098 169)

164 3119 306 3185 0919119
330 3119 469 3201 (p.140)
492 3127 525 3188 91
541 3122 688 3186 Kockins
712 3120 917 3202 collegerunt
940 3121 974 3185 in
997 3121 1058 3186 hac
1082 3121 1195 3186 fabula
1211 3123 1340 3204 Hyper·

164 3228 271 3293 bolum
307 3233 397 3294 sorte
429 3235 616 3294 senatorem
653 3229 774 3294 lactum
811 3234 846 3294 et
897 3236 1011 3309 postea
1050 3228 1084 3293 in
1114 3230 1339 3312 exploratione

163 3335 318 3402 reiectum
359 3355 440 3402 esse.
480 3336 682 3402 Huiusmodi
720 3335 866 3402 fabulam
903 3345 978 3416 post
1002 3342 1161 3404 testarum
1186 3337 1267 3404 illud
1291 3341 1339 3405 iu·

163 3443 282 3508 dicium
307 3446 465 3526 scriptam
491 3464 562 3511 csse
585 3446 655 3511 veri
679 3445 786 3510 simile
810 3463 875 3510 non
899 3457 958 3511 est.
1005 3445 1148 3512 Nubium
1172 3465 1250 3531 ergo
1282 3448 1356 3514 ille,

162 3550 253 3616 locus
278 3552 320 3617 ad
344 3552 493 3619 Platonis
517 3553 740 3634 Hyperbolum
765 3559 915 3634 spectare
939 3552 1079 3618 videtur.

269 3659 362 3726 Inter
385 3662 600 3728 Maricantem
624 3661 727 3743 igitur
750 3669 784 3726 et
807 3661 946 3726 Nubium
972 3661 1148 3741 parabasin
1165 3663 1337 3748 Hermippi

163 3764 320 3832 Pistrices
345 3775 378 3832 et
401 3770 551 3835 Platonis
575 3769 785 3850 Hyperbolus
809 3774 902 3835 actae
925 3778 1011 3834 suut.
1069 3769 1119 3835 De
1142 3772 1337 3854 Prospaltiis

217 3906 250 3974 ²⁹)
271 3909 298 3971 1)
318 3909 447 3982 πέπραχε
466 3910 541 3964 codd.
561 3909 719 3965 Schaeierus
738 3910 865 3983 ns'npoya

269 3997 297 4065 2)
317 3997 392 4052 codd.
412 3995 510 4055 οὕνεκα
530 4001 571 4053 vel
587 4000 681 4068 ἕνεκα,
692 3998 811 4054 Kockius
832 3987 924 4055 εἵνεκ’.
943 3995 1123 4077 τῶντρόπων
1141 4002 1261 4057 Koclrina
1280 4018 1336 4057 cor·

269 4093 383 4155 ruptum¹
407 4102 465 4142 9999
493 4096 591 4144 censet.
627 4090 719 4157 Neque
747 4088 816 4144 enim
845 4105 932 4144 mores
960 4096 988 4144 91
1012 4090 1150 4159 ingenium
1169 4092 1283 4147 hominis
1302 4094 1335 4148 ab

268 4174 326 4243 ipso
353 4176 460 4231 homine
488 4177 603 4232 discerni
631 4195 716 4247 posse.
762 4180 824 4248 Ipse
861 4180 986 4235 emendat
1013 4181 1068 4236 τῶν
1096 4183 1244 4256 προτέρων.
1281 4183 1337 4238 Ν99

268 4272 360 4320 tamen
380 4266 430 4319 hac
449 4267 635 4322 emendatione
654 4284 746 4337 aptam
765 4270 959 4338 oppositionem
978 4270 1047 4325 ellici
1066 4278 1140 4339 puto,
1160 4272 1208 4325 sed
1226 4265 1336 4347 τρόπων

268 4356 438 4411 rettuendum
466 4371 524 4410 esse
551 4372 665 4413 censeo.=
689 4359 830 4414 Sententia
867 4364 1007 4415 verborum
1035 4361 1102 4414 haec
1132 4367 1183 4415 est:
1234 4361 1279 4416 Ita
1306 4378 1335 4417 se

266 4447 361 4516 gessit,
380 4453 413 4499 ut
431 4461 445 4500 9
464 4446 575 4500 ciuitate
602 4446 737 4504 eiciendus
765 4461 844 4518 99991,
870 4466 919 4505 nec
947 4457 1038 4509 tamen
1066 4465 1159 4509 torvus
1178 4452 1334 4508 ostracismo

268 4536 367 4606 dignus
389 4535 451 4592 luit.
