3184 4994
640 386 949 453 ἱ-40-

243 599 338 664 quam
362 580 404 647 ad
428 582 652 663 quaestionem
688 587 835 648 nostram
872 582 953 648 nihil
986 585 1063 651 novi
1087 583 1231 652 afferunt
1256 585 1322 650 nisi
1346 584 1417 667 hoc,

242 690 445 772 Prospaltios
469 695 547 756 ante
560 689 700 768 Nubium
725 690 902 771 parabasin
919 691 953 755 in
971 710 1102 757 scenam
1120 692 1311 774 productam
1336 711 1418 759 asse·

345 798 414 863 Iam
439 797 585 879 apertius
602 796 841 878 Aristophanes
859 802 1029 879 postquam
1046 819 1081 866 se
1098 818 1226 881 sempor
1241 800 1419 866 novissima

242 891 434 986 argumenta
457 903 573 969 afferre
596 921 700 984 neque
735 904 883 970 Cleonem
909 904 959 969 bis
982 924 1174 988 aggressum
1209 924 1281 972 esse
1306 907 1419 971 confir·

239 1013 359 1094 mavit,
396 1011 542 1099 aemulos
580 1017 692 1093 politas
730 1011 928 1093 perstringit
951 1012 1003 1077 his
1028 1014 1193 1080 versibus:
1232 1015 1308 1091 (ssi
1335 1011 1417 1099 sqq.)

241 1124 304 1185 549
329 1112 364 1190 ὅς
387 1125 538 1199 μέγιστον
561 1115 642 1182 ὄνια
666 1112 788 1181 Κλέων’
812 1113 962 1190 ἐπαισ’ἐς
983 1114 1045 1201 τὴν
1068 1126 1221 1204 γαστέρα,

254 1273 257 1278 .
328 1218 410 1290 κοέκ
435 1210 692 1312 ἐιόλμησάδίλις
714 1218 923 1311 ἐπεμπηδῆσ’
946 1221 1035 1312 αὐτῷ
1054 1233 1204 1314 κειμένῳ·

328 1319 419 1398 οὗτοι
443 1329 484 1409 δ’,
509 1327 548 1405 ὦς
572 1325 664 1406 ἅπαξ
684 1333 877 1415 παρέδωκεν
900 1329 1004 1419 λαβὴν
1027 1328 1236 1420 Ὑπέρβολος,

326 1446 445 1506 τοῦτον
469 1443 615 1506 δείλαιον
638 1435 810 1523 κολετρῶσ’
833 1433 886 1506 αἐὶ
910 1436 1048 1526 καλιὴν
1071 1449 1204 1529 μητέρα.

327 1547 474 1621 Εὔπολις
496 1549 558 1630 μὲν
581 1542 641 1612 cdo
665 1552 824 1632 Μαρικᾶν
848 1545 1076 1634 nominarat)
1097 1551 1318 1634 παρείλκυσεν

328 1654 510 1744 ἐκστρέψας
532 1653 586 1720 τοί
591 1679 606 1728 ς
631 1650 809 1742 ἡμετέρους
831 1649 970 1728 Ἱππέας
994 1652 1095 1730 κακδς
1118 1663 1233 1736 κακῶς,

237 1771 300 1830 555
325 1765 487 1848 προσθεὶς
510 1756 598 1848 αὐτῷ
621 1766 722 1847 γραδν
744 1757 896 1849 μεθύσην
917 1768 977 1826 τοῦ
1000 1761 1162 1848 κόρδακος
1186 1760 1296 1850 εἵνεχ’,
1321 1760 1361 1851 ἣν

325 1867 491 1954 Φρύνιχος
513 1866 620 1935 παλαι
643 1864 804 1955 πεποίηχ’
827 1864 867 1954 ἣν
890 1866 929 1934 τὸ
953 1874 1049 1955 κῆτος
1071 1868 1199 1955 ἤσθιεν.

325 1971 392 2043 cih'
415 1973 600 2063 Ἕρμιππος
623 1962 721 2048 αὖθις
744 1972 899 2059 ἐποίησεν
922 1973 969 2049 είς
991 1972 1207 2063 Ὑπέρβολον,
1261 2039 1264 2045 .

325 2084 422 2153 ἄλλοι
445 2079 476 2149 τ’
498 2081 559 2172 ἤδη
582 2080 706 2156 πάντες
729 2082 910 2168 ἐρείδουσιν
933 2082 979 2157 εἰς
990 2079 1209 2170 Ὑπέρβολον,

324 2190 381 2266 τὰς
404 2190 511 2265 είκοδς
533 2196 597 2257 τῶν
620 2188 774 2272 ἐγχέλεων
796 2196 862 2255 τῶν
884 2189 974 2272 ἐμῶν
997 2190 1210 2275 μιμούμενοι.

235 2303 286 2370 Ad
311 2305 396 2369 hunc
421 2304 525 2367 locum
542 2307 633 2367 recte
650 2301 908 2381 intellegendum
926 2302 1065 2381 primum
1081 2303 1175 2368 nobis
1192 2304 1410 2383 quaerendum

234 2417 284 2477 est
308 2411 348 2477 de
372 2411 523 2489 versibus
549 2414 623 2490 549,
649 2410 723 2473 550.
759 2408 840 2472 Nam
866 2426 938 2474 cum
963 2409 1204 2491 Aristophanes
1228 2430 1288 2491 per
1311 2418 1422 2496 totam

234 2519 411 2600 parabasiu
429 2517 594 2599 glorietur
609 2534 644 2585 se
661 2534 745 2581 nova
761 2532 888 2596 semper
905 2525 1100 2597 argumenta
1112 2515 1239 2600 afferre,
1251 2526 1413 2600 -aportum

234 2635 285 2692 est
321 2644 392 2691 eum
429 2624 579 2689 versibus
615 2628 690 2708 549,
728 2627 792 2687 550
829 2623 940 2690 dicere
976 2642 1011 2689 se
1042 2632 1115 2704 post
1138 2616 1278 2705 Equites
1302 2625 1421 2692 Cleoui.

236 2752 306 2799 eam
331 2734 370 2797 ob
395 2750 525 2797 causam
551 2731 748 2812 pepercisse,
780 2748 821 2795 ne
855 2730 939 2796 idem
964 2737 1193 2815 argumentum
1219 2733 1271 2798 bis
1295 2734 1414 2814 populo

233 2841 411 2910 exhiberet.
458 2840 629 2906 Sententia
663 2838 766 2920 igitur
800 2839 880 2903 haec
919 2843 983 2904 est:
1024 2840 1220 2921 „Postquam
1257 2839 1410 2906 Cleonem

235 2947 411 3027 Equitibns
434 2947 513 3011 meis
538 2945 712 3027 prostravi,
749 2964 812 3010 non
849 2945 968 3010 iterum
993 2947 1023 3010 ei
1047 2946 1189 3011 insilui.“
1239 2945 1317 3013 lnde
1340 2967 1414 3014 con·

232 3055 425 3121 cludendum
450 3059 501 3120 est
526 3052 777 3134 Aristophanem
807 3052 926 3119 ceteris
962 3053 1067 3133 poetis
1090 3055 1298 3135 exprobrare,
1324 3055 1410 3136 quod

233 3162 343 3228 eodem
368 3179 496 3242 semper
519 3171 712 3242 argumento
736 3158 931 3240 proferendo
955 3161 1106 3241 populum
1131 3168 1315 3228 enecarent.
1361 3163 1412 3228 Ex

233 3270 434 3351 temporibus
456 3274 564 3334 autem
590 3267 818 3350 praesentibus
842 3267 1016 3350 κολετρῶσι
1033 3275 1067 3334 et
1079 3264 1261 3351 ἐρείδουσιν
1284 3271 1411 3353 Hyper·

234 3377 340 3443 bolum
377 3396 415 3443 eo
449 3376 521 3457 ipso
557 3382 711 3457 tempore,
748 3392 811 3455 quo
844 3374 1083 3456 Aristophanes
1117 3377 1201 3441 hano
1236 3378 1409 3459 parabasin

232 3486 374 3568 scripsit,
410 3485 540 3551 comicis
576 3483 681 3564 poetis
716 3482 859 3548 ludibrio
883 3481 987 3549 fuisse
1011 3484 1246 3566 cognoscimus.
1293 3486 1410 3565 Itaque

233 3593 374 3659 noudum
421 3593 455 3656 in
492 3592 628 3657 exilium
664 3590 782 3656 missus
819 3589 963 3672 videtur3
998 3610 1071 3656 nam
1108 3590 1204 3656 exule
1228 3593 1409 3678 vellicando

232 3706 347 3782 posue
370 3701 525 3783 populum
549 3698 714 3764 delectare
736 3716 801 3763 non
825 3705 988 3779 poterant.

339 3809 408 3873 Iam
443 3806 623 3891 videamus,
660 3824 740 3887 quas
783 3804 915 3871 fabulas
950 3800 1187 3887 Aristophanes
1223 3808 1276 3872 hic
1310 3806 1408 3871 dicat.

232 3915 425 3981 Nominatnr
460 3912 631 3995 Eupolidis
670 3913 821 3994 Maricas,
864 3912 1034 3993 Hermippi
1077 3913 1237 3994 quaedam
1284 3912 1407 3995 fabula,

232 4023 368 4089 aliorum
404 4028 576 4104 poetarum
609 4021 798 4087 comoediae.
846 4019 1016 4098 Hermippi
1052 4019 1206 4100 fabulam,
1243 4021 1408 4115 quaehic

231 4129 478 4215 perstringitur,
503 4129 661 4196 Pistrices
696 4126 800 4193 fuisse
823 4127 1001 4191 scholiasta
1024 4128 1134 4193 tradit.
1182 4127 1245 4194 Sed
1274 4128 1406 4197 dubium

232 4246 293 4315 est,
329 4238 386 4319 qui
420 4238 470 4303 illi
505 4238 562 4302 alii
601 4240 717 4318 poetae
750 4233 884 4300 suerint.
932 4234 1068 4300 Constat
1102 4242 1210 4301 autem
1235 4235 1405 4303 Platonem

284 4381 318 4445 ³⁸)
338 4374 490 4455 πρώτιστος
508 4378 624 4433 Cobetus
643 4378 675 4432 R.
695 4371 838 4452 πρότερον,
858 4381 908 4429 cet.
928 4375 1003 4430 codd.
1023 4370 1183 4451 πρώτιστον.
