3184 4994
666 376 887 436 ,14-

194 570 367 654 διέτριβεν,
402 564 460 639 ἕως
494 559 683 652 Ἀκαρνᾶνες
714 560 895 652 στρατηγὸν
930 561 1031 630 αὐτὸν
1074 561 1184 652 ᾔτουν,
1210 558 1228 626 ὁ
1252 563 1287 628 δὲ
1312 556 1372 643 οὔχ

193 670 518 760 &neocaesariense
534 694 580 758 μη
570 669 712 748 ἐξεῖναι
728 681 794 745 τοῖς
806 667 943 755 ἀτίμοις
968 667 1035 737 ὁδὲ
1051 673 1153 757 δῆμος
1171 668 1372 754 βουλόμενος

193 893 379 967 Διονυσίου,
404 883 444 961 ὣς
467 881 694 974 Ἀνδροτίων’
678 910 713 951 εν
737 909 754 967 γ
779 880 933 952 Ἀττικῶν.
989 956 993 963 ,

293 998 397 1067 ‘Hanc
420 998 655 1082 narrationem,
680 1015 780 1078 quam
804 997 991 1064 Boeckhius
1028 995 1128 1077 (apud
1152 994 1250 1060 Mein.
1271 993 1315 1076 11,
1345 998 1371 1075 1,

195 1109 275 1189 528)
299 1105 422 1187 optime
457 1105 651 1187 explicavit3
684 1105 723 1170 ad
749 1124 830 1186 eam,
856 1106 896 1171 de
919 1123 983 1185 qua
1007 1103 1148 1169 diximus
1171 1100 1370 1184 legationem

194 1213 450 1298 pertinuerat
477 1233 496 1278 a
521 1213 588 1286 filio
614 1213 654 1278 ad
689 1221 812 1293 patrem
839 1213 1054 1298 clarissimum
1080 1210 1275 1275 translatam
1299 1227 1372 1274 esse

195 1320 372 1386 Muellerus
396 1320 649 1402 Strobiugonsis
673 1320 786 1398 (Arist.
811 1321 879 1385 und
896 1319 947 1385 die
972 1320 1085 1384 histor.
1113 1316 1225 1382 Kritik
1250 1334 1278 1396 p.
1293 1318 1370 1395 678)

194 1437 228 1493 et
252 1416 527 1493 Wilamowitzius
551 1428 738 1507 opinantur.
785 1425 1061 1492 Wilamowitzius
1084 1425 1169 1490 onim
1201 1423 1265 1488 sibi
1300 1441 1371 1503 per-

193 1535 300 1601 suasit
328 1534 557 1600 Phormionem
579 1554 677 1608 ,anno
714 1539 779 1599 428
816 1540 889 1617 post
923 1533 1079 1601 victorias
1116 1534 1305 1597 Acarnanes
1329 1531 1370 1594 ab

194 1643 454 1709 Atheniensibus
490 1642 585 1707 minis
621 1642 809 1707 damnatum
857 1660 943 1725 esse,
983 1641 1094 1708 eodem
1135 1645 1244 1705 autem
1285 1656 1370 1703 anno

96 1789 100 1801 ·
193 1753 396 1834 Acarnanes
433 1750 520 1831 quod
548 1747 710 1823 ¹Phormio
745 1750 816 1830 ipse
839 1755 897 1815 aut
921 1757 1025 1815 morte
1049 1755 1108 1813 aut
1136 1749 1247 1819 morbo
1271 1746 1371 1828 impe·

193 1858 282 1923 ditus
306 1863 406 1933 esset,
442 1856 581 1936 aliquem
617 1857 656 1922 de
691 1864 791 1939 gente
830 1858 900 1924 eius
936 1843 1166 1937 imperatorem
1202 1853 1369 1935 petivisse.

194 1965 321 2047 Quibus
345 1964 428 2030 viris
451 1983 514 2037 non
540 1982 671 2045 possum
697 1982 760 2028 non
785 1962 950 2030 assentiri.
1008 1963 1088 2028 Nam
1114 1961 1178 2028 etsi
1201 1960 1368 2027 Boeckhio

193 2070 434 2137 concedendum
471 2078 523 2136 est
557 2071 623 2137 iarn
658 2091 742 2137 anno
778 2077 843 2138 430
880 2072 1068 2137 Acarnanes
1093 2070 1258 2148 habuisse,
1283 2065 1369 2148 quod

194 2179 419 2244 Phormionem
454 2180 686 2260 imperatorem
723 2180 885 2260 apopulo
920 2178 1167 2244 Atheniensium
1208 2180 1369 2257 peterent,

99 2352 101 2357 a
193 2291 300 2351 tamen
326 2304 385 2368 per
409 2295 590 2367 temporum
606 2288 768 2352 rationem
783 2289 866 2352 haec
882 2287 1050 2352 sententia
1065 2293 1154 2350 stare
1170 2302 1234 2348 non
1251 2290 1369 2363 potest.

192 2395 400 2476 'Phuucydides
436 2394 536 2471 enim
559 2401 674 2460 narrat
698 2394 757 2478 (ΙΙ,
783 2394 840 2476 68)
875 2394 997 2463 hieme¹
1022 2393 1247 2458 Phormionem
1278 2408 1370 2471 prae·

191 2507 293 2567 torem
329 2503 369 2566 ab
406 2500 662 2567 Atheniensibus
697 2503 732 2566 in
768 2501 988 2567 Acarnaniam
1022 2502 1155 2565 missum
1189 2517 1271 2580 esse,
1307 2517 1369 2579 quo

192 2617 337 2690 ternpore
362 2608 502 2674 Athenis
527 2609 661 2674 comitia
687 2611 749 2674 iam
776 2609 889 2674 habita
914 2628 986 2675 esse
1009 2615 1149 2673 constat.

298 2716 438 2799 Eupolis
476 2722 586 2782 autern
620 2716 876 2783 Centurionibus
903 2716 1063 2783 effecisse
1097 2713 1370 2783 Wilamowitzius

194 2830 302 2909 putat,
344 2831 380 2888 nt
418 2822 470 2890 res
509 2824 623 2888 afilio
639 2825 696 2897 ⁴ad
725 2830 849 2906 patrem
886 2812 1102 2890 clarissimum
1132 2821 1370 2887 transferretur

195 2929 324 3013 (Philol.
362 2929 491 2996 Unters.
531 2933 559 3010 Ι,
597 2951 627 3012 p.
666 2931 732 3012 66).
796 2932 995 2999 Meinekinm
1037 2931 1122 2996 enim
1163 2937 1296 2994 secutus
1319 2927 1371 2994 vir

195 3037 311 3103 doctus
336 3020 463 3119 poetam
488 3040 550 3104 hac
566 3038 680 3105 fabula
697 3039 904 3105 Phormionis
927 3038 1171 3105 restitutionem
1190 3038 1222 3102 in
1240 3054 1370 3102 scenam

195 3145 387 3226 produxisse
423 3146 483 3211 sibi
522 3147 692 3226 persuasit.
740 3147 831 3229 Quod
870 3148 897 3212 si
933 3167 1044 3214 verum
1070 3151 1130 3226 est,
1106 3146 1237 3210 ttOen
1223 3144 1370 3209 turinnes

195 3272 280 3318 anno
321 3258 384 3318 487
370 3253 644 3320 ladscrihenda
684 3261 744 3321 est.
807 3257 916 3336 Atque
964 3253 1166 3320 Wilamowit
1152 3253 1239 3318 taius
1286 3252 1371 3333 ipsis

197 3360 329 3426 fabulae
365 3360 540 3444 fragment
532 3381 560 3428 rs
596 3363 657 3427 hoc
691 3362 843 3429 evincere
878 3363 998 3428 st.udet
1045 3363 1248 3444 Fragmenta
1284 3360 1370 3425 enim

198 3468 252 3547 (K.
278 3474 341 3532 259
367 3474 400 3533 et
438 3469 477 3532 K.
502 3469 582 3553 258)
618 3470 658 3534 ad
696 3469 923 3537 Phormionem
956 3470 1124 3550 pertinere
1156 3474 1278 3535 censet.
1326 3468 1371 3532 At

197 3573 417 3657 fragmentum
443 3578 524 3641 259:

297 3679 371 3762 Εγώ
393 3683 431 3746 δέ
453 3704 487 3763 ys
511 3687 602 3758 στίξω
626 3703 661 3748 σε
684 3682 873 3767 βελόναισιν
894 3689 1008 3770 τρισίν.

305 3791 405 3855 etiam
430 3811 449 3856 a
473 3793 668 3865 Phormione
692 3794 899 3860 minaciter
889 3814 922 3860 m
949 3794 1111 3860 Bacchum
1138 3792 1201 3858 dici
1232 3797 1370 3873 poterat.

199 3898 433 3980 Fragmentum
447 3918 524 3966 vero
543 3904 606 3965 258
624 3903 672 3966 ita
688 3902 845 3967 traditum
860 3908 912 3968 est
924 3903 1069 3981 (Bekker
1081 3900 1201 3967 Anecd
1217 3907 1281 3963 18188
1284 3896 1370 3983 ,l.l)

308 4027 344 4067 ον
368 4009 496 4069 θᾶττον
519 4000 622 4093 αυτὴν
646 4006 804 4093 δεῦρο’,υοι
826 4013 891 4072 τῶν
914 4012 1063 4084 τοξοτῶν
1229 4024 1232 4028 ’

305 4108 391 4191 ἄγων
415 4107 714 4199 υποκηρνξειτις,“
703 4108 754 4179 ότι
777 4113 819 4180 ἄν
842 4111 983 4202 otpdop.

305 4221 422 4301 Itaque
433 4222 497 4287 nisi
510 4242 568 4304 pro
585 4217 725 4308 „arsitriou
748 4217 887 4303 ,αὐτὸν1
907 4225 1064 4317 scribitur
1087 4242 1203 4291 versus
1219 4223 1261 4288 ad
1273 4222 1372 4288 Phor-

202 4329 411 4337 ..Ἦ-...-

266 4363 298 4426 ¹¹)
318 4363 416 4433 Bergk.
437 4364 553 4419 correxit
572 4387 587 4442 ρ
605 4365 693 4440 μνῶν.
