3184 4994
716 426 940 489 -48-

243 624 343 699 atque
366 619 434 684 illis
458 616 660 700 temporibus
686 636 757 686 earn
782 614 928 685 fabulam
945 612 1059 684 'actam
1083 610 1162 685 esse
1178 616 1418 701 pronuntiavit.

243 728 290 790 At
313 727 495 792 constituta
518 727 831 810 quadringentorum
855 726 1076 792 dominatione
1088 726 1297 809 Thucydides
1309 720 1418 809 (VIII,

244 838 297 916 67,
325 838 379 913 92)
414 851 517 898 novos
552 828 720 914 praetores
756 835 797 900 ab
821 834 1035 915 optimatibus
1058 824 1418 914 creatos'esse'tmdit,

246 959 381 1020 quorum
418 942 452 1006 in
487 958 620 1006 numero
657 940 883 1006 Aristarchum
920 939 1024 1007 fuisse
1059 932 1201 1006 constat
1222 939 1326 1025 (VIII,
1352 937 1419 1024 98).

245 1047 359 1128 Neque
381 1052 490 1114 tamen
522 1048 663 1128 scriptor
696 1048 870 1114 memoriae
901 1047 1054 1132 prodidit,
1087 1066 1164 1113 num
1192 1048 1222 1112 is
1245 1049 1310 1112 iam
1333 1047 1421 1112 inter

243 1173 300 1220 eos
325 1162 505 1235 praetores
524 1154 637 1234 fuerit,
671 1173 751 1236 quos
785 1155 925 1236 populns
953 1157 988 1219 in
1018 1155 1111 1221 illum
1135 1173 1256 1220 annum
1283 1155 1420 1220 creavit.

244 1261 363 1343 Itaque
387 1263 469 1328 nihil
495 1262 616 1328 scimus
639 1261 703 1328 nisi
729 1281 802 1328 eum
827 1280 846 1326 a
872 1280 979 1328 manse
996 1262 1216 1345 'lhargelione
1232 1261 1272 1326 ad
1291 1260 1419 1326 initium

246 1370 325 1435 anni
361 1368 566 1450 insequentis
601 1376 758 1452 practura
792 1370 940 1435 functum
975 1388 1047 1436 esso
1082 1370 1232 1451 (Aristot.
1267 1367 1420 1432 nodaretur

244 1470 309 1542 aa.
346 1476 417 1561 32).
477 1477 540 1542 Per
581 1457 666 1542 illud
697 1483 807 1541 antem
843 1484 972 1558 tempus
1007 1495 1111 1558 neque
1148 1477 1279 1543 Lenaea
1314 1492 1420 1555 neque

244 1583 413 1648 Liberalia
447 1584 569 1666 Magna
609 1582 748 1649 Athenis
781 1591 856 1649 acta
890 1590 976 1649 suut.
1034 1585 1150 1665 Neque
1175 1582 1311 1666 Bergkii
1335 1582 1420 1647 ratio

247 1691 415 1771 probanda
446 1697 515 1773 est,
546 1693 601 1772 qui
638 1690 833 1773 Autolycum
864 1692 1002 1758 alteram
1030 1691 1071 1757 ol.
1096 1698 1147 1777 92,
1174 1698 1193 1756 b
1218 1682 1325 1756 actam
1348 1708 1421 1756 esso

246 1805 368 1883 censet,
394 1818 457 1879 quo
482 1818 566 1863 anno
589 1798 817 1864 Aristarchum
842 1789 960 1863 iterum
984 1806 1166 1881 praetorem
1198 1797 1301 1864 fuisse
1336 1797 1421 1864 arbi·

247 1911 364 1970 tratur.
411 1907 494 1971 Nam
530 1924 723 1986 quamquam
759 1924 799 1970 ex
829 1906 881 1988 iis,
907 1907 961 1986 qui
986 1907 1019 1971 in
1044 1906 1226 1989 oligarchia
1251 1912 1421 1987 praetores

246 2010 391 2099 fuerant,
426 2013 658 2079 Theramenem
695 2013 793 2079 rebus
823 2014 958 2079 mutatis
982 2014 1091 2079 eodem
1115 2006 1249 2079 munere
1273 2011 1420 2078 functum

246 2135 319 2185 esse
355 2126 485 2184 constat
531 2119 626 2201 (Xon.
652 2119 738 2186 Heli.
760 2119 786 2203 Ι,
810 2126 865 2199 ta,
893 2122 937 2204 2),
974 2129 1082 2187 tamen
1117 2120 1333 2186 certissimum
1370 2126 1420 2185 est

246 2227 475 2293 Aristarchum
499 2246 563 2292 non
588 2226 707 2292 iterum
732 2235 916 2308 praetorem
939 2227 1063 2293 factum
1087 2246 1168 2293 osse.
1204 2228 1421 2293 Aristarchus

246 2334 332 2401 enirn
363 2336 496 2401 Oenoen
513 2335 699 2400 ‘castellum
730 2335 864 2400 Boeotis
893 2335 1035 2417 prodidit
1060 2353 1165 2415 neque
1191 2334 1420 2416 Athenienses,

246 2460 441 2524 quamquam
466 2441 496 2507 ei
521 2440 711 2507 facultatem
736 2442 884 2507 criminis
909 2440 1105 2509 defendendi
1130 2443 1292 2509 dederunt
1324 2441 1420 2520 (Xon.

247 2549 336 2617 Hell.
361 2551 387 2634 I,
412 2558 442 2630 7,
456 2551 523 2631 29),
549 2556 615 2614 tam
640 2549 819 2616 clementes
844 2551 897 2615 vel
922 2551 1030 2631 potius
1054 2550 1173 2615 stultos
1197 2549 1300 2615 fuisse
1329 2555 1420 2631 puto,

247 2663 284 2722 ut
308 2657 379 2724 viro
394 2656 475 2721 adeo
489 2665 640 2738 suspecto
654 2658 771 2723 iterum
785 2658 1016 2740 gravissimum
1031 2676 1146 2723 munus
1170 2657 1421 2722 committerent.

222 2770 224 2773 ’
247 2765 362 2844 Neque
387 2771 516 2830 constat
538 2782 611 2830 eum
636 2765 821 2830 absolutum
838 2783 919 2847 esse,
938 2784 1010 2830 cum
1026 2765 1221 2847 nesciamus,
1239 2782 1315 2829 num
1336 2763 1420 2828 idem

248 2869 351 2937 fuerit
362 2871 589 2955 Aristarchus,
601 2891 696 2953 quem
708 2873 890 2954 Xenophon
905 2874 1051 2956 (Memor.
1065 2879 1095 2956 2,
1104 2878 1132 2955 7,
1142 2875 1419 2955 2)οοιηηιθῐηοταῑ.

355 2979 434 3045 Cum
458 2980 677 3060 fragmentum
704 2979 787 3045 iilud
801 3000 866 3045 non
882 2980 924 3045 ad
941 2982 1079 3045 alteram
1096 2978 1229 3045 fabulae
1244 2978 1420 3044 editionem

248 3085 424 3169 referatur,
449 3086 547 3153 etiam
573 3107 615 3153 ex
638 3089 744 3168 prima
760 3095 949 3169 excerptum
966 3106 1037 3152 esse
1054 3095 1169 3169 potest.
1193 3087 1274 3151 Nam
1291 3086 1422 3151 nomina

248 3200 435 3276 praetorum
471 3195 549 3259 anni
583 3200 646 3261 421
684 3196 797 3277 ignota
829 3202 915 3262 sunt.
964 3195 1053 3262 Nihil
1086 3195 1190 3278 igitur
1220 3195 1260 3260 de
1285 3193 1422 3261 alterius

249 3302 403 3384 Autolyci
428 3308 574 3384 tempore
598 3310 736 3369 constat.

355 3427 407 3492 Ad
442 3446 480 3493 ca
516 3434 672 3511 tempora,
709 3447 791 3509 quas
815 3429 1003 3511 Hyperboli·
1022 3430 1248 3494 ostracismum
1273 3429 1420 3510 proxime

249 3540 363 3601 secuta
398 3543 485 3615 sunt,
521 3537 595 3600 sine
631 3536 730 3601 dubio
767 3537 914 3603 Platonis
939 3537 1050 3618 aliqua
1070 3536 1183 3602 fabula
1208 3536 1362 3620 pertinet,
1387 3536 1422 3599 in

249 3659 313 3723 qna
337 3626 400 3706 illa
418 3643 457 3708 de
481 3644 677 3709 testularum
694 3642 850 3726 suffragio
866 3647 967 3711 vcrha
984 3644 1127 3711 fuerunt.
1164 3644 1258 3709 Hanc
1273 3643 1421 3709 fabulam

249 3749 426 3816 Clarissius
451 3752 585 3832 (Annot.
610 3751 764 3818 adThuc.
791 3753 828 3818 B.
853 3753 891 3816 P.
915 3753 1025 3834 epoclr.
1050 3771 1079 3833 p.
1107 3757 1182 3831 106)
1206 3761 1238 3816 et
1256 3749 1421 3833 Bergkius

249 3857 379 3937 (Comm.
405 3859 445 3922 de
470 3860 531 3924 rel.
556 3859 642 3924 Com.
667 3862 735 3925 Att.
762 3867 837 3942 261,
864 3859 942 3944 312)
967 3860 1135 3925 invenisse
1159 3860 1224 3924 sibi
1250 3858 1312 3927 visi
1336 3863 1421 3922 sunt.

249 3965 414 4047 Bergkius
453 3967 538 4030 enim
574 3968 746 4034 Platonem
781 3986 820 4032 ea
856 3967 1031 4051 comoedia,
1063 3966 1115 4032 cui
1139 3962 1333 4047 inscriptum
1356 3963 1423 4029 fuit

250 4075 433 4152 Συμμαχία,
469 4074 660 4140 societatem
695 4076 783 4141 inter
818 4073 1023 4140 Alcibiadem
1059 4087 1091 4139 et
1127 4074 1252 4138 Niciam
1286 4072 1422 4153 adper-

251 4180 392 4245 dendum
417 4181 641 4263 Hyperbolum
666 4181 786 4247 factam
812 4182 1026 4264 descripsisse
1050 4192 1082 4247 et
1107 4181 1204 4260 paulo
1235 4188 1310 4262 pust
1340 4179 1423 4245 illud

251 4295 411 4352 testarum
447 4288 637 4371 suffragium
680 4291 764 4355 hanc
798 4290 943 4355 fabulam
979 4291 1011 4354 in
1055 4307 1185 4355 scenam
1222 4284 1423 4353 commisisse

251 4405 356 4476 putat.
404 4396 468 4461 Pro
503 4405 696 4477 argumento
731 4398 827 4463 huius
862 4399 1046 4463 sententiae
1070 4396 1291 4480 fragmentum
1316 4391 1422 4476 affert,
