3184 4994
669 417 891 479 -29-

191 612 361 693 duodecim
386 611 573 678 labnlarum
599 600 747 693 tempora
770 611 864 676 nobis
888 610 1013 676 traditu
1037 618 1130 695 snut,
1155 626 1236 690 quos
1264 609 1369 675 fastos

192 720 328 805 comicos
352 721 483 813 paulurn
509 720 624 802 augeri
650 739 744 801 posse
769 727 856 800 puto.
903 718 1008 803 Quam
1033 718 1075 782 ad
1098 737 1168 783 rem
1191 718 1370 798 parabases

192 829 373 909 vesparum
397 832 431 893 et
454 827 551 892 Pacis
576 826 834 894 Wilamowitzio
858 845 976 909 magno
1001 825 1076 892 usai
1107 842 1180 890 esse
1204 823 1368 889 videntur.

191 935 254 1000 Sed
289 934 365 1000 huic
401 934 586 1000 sententiae
626 935 822 1015 adstipulari
858 952 922 999 non
958 951 1100 1015 possum.
1147 931 1229 996 Nam
1255 949 1366 1011 quam·

190 1062 286 1123 qnam
322 1059 362 1107 ex
398 1040 550 1107 versibus
582 1042 650 1109 illis
685 1042 767 1107 locis
802 1044 844 1107 ab
874 1040 1095 1121 Aristophane
1119 1039 1259 1121 prolatis
1281 1037 1369 1103 haud

189 1169 294 1232 panea
318 1149 358 1213 de
380 1132 521 1213 historia
544 1149 729 1214 comoediae
753 1147 843 1215 recte
866 1149 1037 1232 conclusit,
1061 1155 1171 1212 tamen
1196 1165 1252 1230 ea,
1285 1165 1369 1227 qnae

189 1257 230 1322 de
255 1263 402 1338 ternpore
426 1257 664 1323 comoediarum
688 1257 890 1338 qurarundam
916 1256 1090 1338 Eupolidis
1121 1255 1197 1321 inde
1229 1254 1367 1339 colligit,

190 1373 281 1429 stare
317 1382 380 1429 non
415 1380 510 1446 posse
546 1364 624 1429 mihi
660 1364 821 1429 videntur.
868 1365 909 1429 In
934 1365 1087 1445 parabasi
1111 1363 1303 1444 Vesperum,
1328 1362 1368 1427 do

189 1488 254 1551 qua
279 1471 344 1536 inm
368 1479 469 1536 antea
492 1472 586 1536 nobis
611 1458 772 1554 agendum
798 1480 884 1553 erat,
920 1472 1160 1552 Aristophanes
1195 1478 1368 1551 postquam

190 1577 392 1658 splendidam
417 1578 599 1661 victoriam,
636 1599 731 1659 quam
768 1578 944 1659 Equitihus
967 1580 1008 1643 ab
1032 1577 1234 1643 adversariis
1258 1594 1366 1658 repor-

189 1691 329 1761 taverat,
353 1704 470 1768 magno
495 1704 566 1751 cnm
592 1687 712 1767 gaudio
736 1688 1015 1768 commemoravit,
1038 1686 1099 1751 hoo
1130 1685 1222 1751 modo
1248 1684 1366 1766 pergit·

299 1784 417 1874 αἷρδεὶς
441 1792 475 1856 δὲ
500 1798 600 1873 μέγας
625 1794 680 1857 καὶ
700 1795 854 1878 τιμηθεὶς
876 1788 917 1865 ὥς
930 1789 1036 1864 οὐδεὶς
1064 1782 1198 1856 πώποτ’
1225 1788 1261 1854 ἐν
1275 1784 1367 1872 ὑμῖν,

300 1892 359 1963 oo'a
383 1897 550 1965 ἐκτελέσαι
573 1903 672 1987 φησιν
695 1899 858 1985 ἐπαρθεὶς
881 1897 951 1965 οὐδ’
975 1896 1115 1981 ὀγκῶσαι
1136 1896 1174 1964 ιδ
1199 1895 1364 1983 φρόνημα.

189 2015 273 2073 1025
299 2003 375 2071 οὐδὲ
387 2008 591 2093 παλαίστρας
603 2006 846 2091 περικωμάζειν
857 2012 983 2093 πειρῶν
999 2002 1069 2072 οὐδ’
1083 2006 1175 2079 εἴτις
1187 2000 1364 2091 ἕρασιὴςῊ)

299 2115 530 2201 κωμῳδεῖσθαι
553 2107 683 2195 παιδίχ’
695 2115 815 2179 ἑαυτοῦ
830 2120 934 2195 μισῶν
952 2112 1090 2179 ἔσπευδε
1103 2115 1154 2201 (R.
1162 2117 1199 2181 V.
1214 2111 1365 2199 ἔσπευσε)

746 2234 750 2241 ’
1147 2218 1229 2306 πρὸς
1252 2215 1365 2297 αὐτὸν,

301 2323 412 2392 οὐδενὶ
432 2324 577 2392 πώποτέ
590 2347 670 2416 φησι
686 2320 865 2414 πιθέσθαι,
884 2322 1015 2417 γαώμην
1030 2323 1097 2394 τιν’
1115 2326 1197 2409 ἔχων
1219 2327 1364 2412 ἐπιεικῆ,

299 2434 354 2523 ἵνα
376 2432 434 2508 τὰς
458 2433 594 2508 Μούσας
630 2423 717 2502 αἷσιν
745 2443 863 2523 poiseo
886 2435 933 2524 μὴ
957 2432 1169 2521 προαγωγοὺς
1195 2429 1364 2524 ἀποφήνῃ.

294 2544 405 2610 Prima
440 2554 537 2627 parte
572 2564 690 2613 versus
718 2553 801 2612 1025
829 2548 1081 2628 Aristophanem
1106 2566 1169 2612 non
1194 2564 1231 2613 sc
1254 2548 1362 2628 ipsum

186 2650 375 2734 defendere,
411 2653 468 2718 sed
505 2653 660 2734 hlnpolidi
696 2661 810 2736 torpes
850 2673 1024 2736 puerorum
1064 2673 1191 2720 amores
1233 2655 1365 2720 obicere

188 2758 460 2826 Wilamowitzius
508 2759 551 2845 (p.
575 2768 617 2827 42
628 2766 689 2843 sq.)
725 2762 854 2828 collatis
890 2763 986 2830 Pacis
1021 2764 1172 2829 versibus
1199 2769 1271 2847 761,
1300 2767 1362 2828 762

192 2871 280 2930 recte
315 2869 526 2951 exposcitur.
586 2870 701 2951 ltaque
736 2889 775 2936 ea
811 2889 954 2954 quoque,
991 2889 1074 2952 qnae
1110 2877 1293 2951 sequuntur
1328 2872 1363 2935 in

186 2972 323 3038 eundem
348 2979 475 3054 poetam
502 2976 590 3042 dicta
615 2996 688 3043 esse
711 2987 799 3061 puto,
825 2995 1031 3060 quamquam,
1056 2997 1140 3060 qnae
1171 2980 1206 3044 in
1230 2978 1363 3043 scholiis

186 3079 226 3144 de
249 3097 288 3145 ea
311 3099 347 3145 re
373 3081 531 3147 adnotata
555 3093 643 3164 suut,
667 3085 750 3150 satis
774 3088 912 3152 obscura
938 3106 1010 3153 csse
1041 3087 1190 3152 corroedo.
1240 3087 1362 3152 Versus

185 3192 296 3254 antem
328 3187 395 3271 ipsi
432 3189 519 3255 haud
555 3180 653 3257 facile
689 3193 936 3277 intelleguntur.
987 3196 1067 3260 Nam
1101 3194 1176 3259 olim
1209 3196 1289 3259 haec
1313 3193 1362 3259 ita

184 3294 501 3380 interpretabantur,
527 3304 564 3363 nt
587 3299 826 3381 Aristophanes
850 3301 1059 3382 profiteretur
1084 3304 1173 3368 sesi
1198 3310 1362 3366 amatores

185 3404 225 3467 ab
260 3403 332 3486 ipso
369 3404 575 3492 petivissent,
601 3426 642 3472 ne
667 3408 801 3474 delicias
836 3428 914 3476 snas
938 3411 1121 3491 vellicaret,
1145 3412 1194 3476 eis
1218 3428 1282 3474 non
1307 3411 1361 3471 oir-

186 3516 395 3594 temperasse,
428 3531 469 3578 ne
500 3515 613 3580 Musas
641 3534 718 3581 suas
746 3517 839 3583 lenas
862 3518 995 3584 iaceret.
1042 3519 1138 3584 Hanc
1162 3516 1359 3583 sententiam

187 3617 311 3683 dnobus
334 3614 538 3700 argumentis
563 3622 839 3691 Wilamowitzius
863 3627 1008 3692 refutare
1033 3633 1169 3692 conatus
1194 3634 1254 3691 est.
1277 3625 1360 3690 Nam

185 3740 291 3803 neque
326 3727 577 3809 Aristophanem
614 3733 762 3796 carmina
796 3734 830 3797 io
866 3734 1012 3799 exoletos
1035 3734 1212 3821 scripsisse
1230 3739 1264 3797 ct
1287 3751 1359 3814 per·

185 3848 311 3895 versum
349 3852 422 3899 esse
458 3838 585 3902 Musam
621 3839 728 3904 lenam
764 3858 892 3924 vocare,
922 3840 1007 3921 quod
1038 3839 1200 3929 derebus
1225 3840 1359 3906 incestis

183 3938 306 4003 sileret.
357 3941 539 4009 Secundum
564 3946 669 4028 ipsius
693 3949 998 4028 interpretationem
1015 3948 1253 4031 Aristophanes
1278 3948 1359 4012 dicit

184 4063 220 4111 se
244 4063 408 4127 nunquam
433 4052 616 4129 palaestras
640 4054 841 4121 circumiisse
864 4046 1182 4137 puerostentantom
1207 4064 1306 4136 atque
1330 4057 1358 4121 si

237 4205 270 4273 ²¹)
289 4174 395 4281 πειρῶιι
413 4207 531 4273 Brimck‚
550 4206 663 4286 περιιὸν,
683 4208 801 4289 περιιὼν
818 4215 900 4271 libri

237 4295 271 4361 m)
291 4293 324 4349 ci.
350 4312 419 4362 quae
437 4296 576 4353 Luebkins
603 4301 632 4356 iu
655 4303 846 4361 dissertatione
864 4306 897 4360 de
917 4307 1108 4377 Aristophanis
1135 4325 1196 4363 eum
1225 4310 1356 4378 Eupolide

290 4385 476 4441 simultatibus
495 4387 622 4444 disseruit
641 4407 664 4460 p.
686 4395 801 4450 30-48.
