3184 4994
684 391 914 453 .-11-

209 586 370 652 rationem
407 586 510 669 sequi,
547 586 600 665 qni
638 586 770 651 fabulas
805 604 842 650 co
878 584 992 650 ordine
1025 588 1206 667 enumerat,
1244 600 1306 663 qno
1331 600 1387 648 eas

210 700 301 759 aetas
324 712 395 760 esse
418 699 539 760 censet.
586 693 729 759 Primum
753 692 858 775 igitur
881 692 1025 757 dicemus
1049 690 1089 758 44
1122 690 1171 757 eis
1200 689 1384 773 comoediis,

210 818 294 880 quae
318 802 358 866 ah
383 820 468 867 anno
503 807 567 867 431
604 800 646 866 ad
682 819 803 865 annnnr
838 802 913 883 421,
946 797 1062 864 deinde
1087 797 1127 863 de
1151 797 1209 881 eis,
1234 816 1318 879 qnae
1343 798 1385 862 ah

210 927 295 973 anno
318 914 384 974 420
409 908 451 975 44
475 927 596 975 annum
619 913 686 973 405
712 913 805 973 actae
828 912 914 973 sunt.

317 1037 426 1116 Atque
450 1035 639 1116 prinsquam
664 1047 811 1114 tempora
835 1030 1021 1097 fabularum
1051 1030 1139 1096 inter
1167 1048 1287 1095 annum
1319 1036 1380 1096 431

208 1150 239 1208 et
264 1161 385 1209 annum
408 1147 471 1208 421
498 1148 644 1207 actarum
670 1139 805 1207 definire
829 1158 991 1222 conemur,
1016 1157 1072 1205 eas
1096 1136 1227 1204 fabulas
1255 1156 1384 1204 enume-

207 1268 326 1330 remns,
353 1267 491 1330 quarum
516 1258 663 1329 tempora
678 1248 760 1330 ipsis
776 1247 1029 1313 didascaliarnm
1046 1246 1240 1329 fragmentis
1252 1246 1384 1328 cognita

211 1357 379 1422 hahemus.
425 1356 477 1421 Ex
515 1356 716 1438 argumentis
755 1366 864 1421 autem
914 1355 1099 1421 fabularum
1151 1353 1384 1434 Aristophanis

207 1463 434 1544 cognoscimus
458 1462 601 1529 Lenonis
617 1483 648 1528 a.
661 1467 725 1529 425
737 1462 969 1545 Aristophanis
995 1462 1232 1545 Acharnenses,
1258 1459 1384 1525 Cratini

207 1571 365 1637 Homines
388 1576 584 1652 tempestate
608 1578 745 1636 vexatos
763 1568 1057 1655 (Χειμαζομένους)
1071 1568 1243 1650 Eupolidis
1258 1569 1382 1634 Novam

206 1679 333 1744 Lunam
384 1680 614 1762 (Νουμηνίας),
655 1678 794 1745 Lenaeis
819 1698 846 1744 4.
875 1683 941 1744 424
976 1676 1209 1758 Aristophanis
1233 1675 1381 1758 Equites,

205 1786 331 1851 Cratini
367 1786 514 1870 Satyros,
551 1787 770 1853 Aristomenis
798 1786 1024 1869 lignatores,¹
1041 1784 1173 1868 Magnis
1209 1783 1380 1865 Dionysiis

203 1912 231 1957 a.
243 1900 307 1959 423
317 1894 647 1976 CratiniAmpullam‚
659 1894 993 1976 Amipsiaeconnun,
1010 1892 1243 1974 Aristophanis
1259 1892 1382 1972 Nubes,

203 2001 344 2067 Lenaeis
368 2006 478 2066 4422
509 2002 692 2068 Philonidis
705 1998 961 2082 Praeludiuml),
987 1999 1218 2082 Aristophanis
1244 1999 1379 2081 nespas,

204 2108 367 2174 [renconis
402 2108 558 2192 Legatos,
594 2110 722 2189 Magnis
763 2108 903 2189 denique
931 2107 1380 2190 Dionysiisanni421Eu-

202 2216 321 2297 polidis
344 2217 558 2299 Adulatores,
594 2216 828 2299 Aristophanis
852 2217 984 2302 Pacem,
1010 2216 1175 2282 Leuconis
1199 2216 1379 2284 Phrateres

203 2330 295 2389 act-as
318 2341 400 2389 esse.

309 2449 489 2516 Praeterea
524 2457 653 2516 constat
687 2450 905 2515 Daetalenses
939 2450 1170 2532 Aristophanis
1203 2470 1289 2517 anno
1312 2456 1377 2517 427

202 2555 330 2623 doctam
365 2575 437 2623 esse
471 2565 570 2639 atque
604 2560 781 2625 secundnm
817 2561 923 2624 locum
968 2558 1149 2626 obtinuisse
1186 2557 1303 2643 (Anon.
1339 2561 1379 2627 de

202 2683 280 2730 corn.
304 2665 378 2744 XV,
404 2665 474 2751 50).
520 2666 673 2732 Eiusdem
699 2673 815 2747 poetae
839 2666 1012 2749 Babylonii
1042 2666 1219 2732 secundnm
1255 2670 1378 2735 Achar-

202 2773 352 2837 nensium
379 2793 493 2841 versus
508 2782 582 2854 377,
595 2782 660 2841 502
675 2774 760 2860 (eum
775 2776 920 2858 scholiis)
938 2775 1069 2858 Magnis
1083 2776 1252 2860 Dionysiis
1268 2795 1297 2844 a.
1310 2780 1376 2842 446

202 2878 236 2944 in
271 2898 401 2947 scenam
436 2883 568 2963 prodiit.
628 2887 737 2965 Atque
781 2884 880 2950 etiam
928 2884 1120 2950 Maricantis
1176 2885 1377 2968 Eupolideae

202 2994 331 3069 tempus
366 3008 407 3054 ex
441 2990 575 3056 scholiis
622 2991 877 3073 Aristophaneis
921 2991 1018 3076 (Nnh.
1055 2992 1134 3078 549)
1183 2996 1377 3076 accepimns.

201 3095 293 3161 Haec
317 3095 402 3161 enim
427 3096 540 3162 fabula
563 3100 703 3165 Lenaeis
727 3119 756 3166 4.
770 3106 831 3165 421
860 3100 895 3166 in
919 3118 1048 3166 scenam
1073 3101 1245 3168 commissa
1269 3110 1330 3168 est.

307 3221 347 3286 In
371 3222 573 3304 temporibus
605 3243 716 3292 earum
752 3224 949 3308 fabularum,
986 3227 1026 3293 de
1060 3247 1196 3308 quarum
1230 3231 1376 3297 commis·

201 3329 347 3394 sionibus
372 3330 466 3396 nohis
489 3331 571 3397 nihil
596 3332 752 3399 traditum
777 3343 838 3420 est,
863 3354 916 3402 res
936 3337 984 3401 ita
1006 3337 1210 3404 instituenda
1233 3339 1375 3422 videtur,

201 3443 239 3500 ut
261 3435 393 3525 fabulas
416 3446 601 3505 ceterorum
619 3447 786 3523 po'e‘tarum
804 3444 844 3508 ab
863 3443 1116 3526 Aristophaneis
1144 3447 1374 3515 discernamus.

307 3564 453 3630 Primum
480 3565 582 3648 igitur
605 3566 645 3633 de
669 3567 717 3634 eis
742 3570 914 3636 comoediis
938 3571 1076 3637 aliorum
1095 3579 1274 3659 poetarum,
1292 3596 1376 3657 quae

203 3677 295 3733 actae
318 3678 395 3736 sunt
419 3679 626 3759 44144425,
641 3674 757 3742 deinde
780 3677 821 3743 de
843 3679 1078 3761 Aristophanis
1102 3679 1233 3766 fabulis,
1259 3684 1376 3752 deinde

203 3772 242 3838 de
266 3774 312 3840 eis
336 3777 471 3844 aliorum
490 3781 682 3848 comicorum
707 3781 838 3870 fabulis,
864 3805 948 3866 quae
971 3787 1012 3851 ad
1036 3807 1139 3855 annos
1154 3796 1226 3857 ’425
1252 3794 1371 3859 44421

201 3879 396 3950 referendae
430 3887 594 3973 videntur,
632 3909 778 3972 agemus.
827 3893 877 3958 Ad
911 3894 1027 3959 harum
1064 3897 1149 3962 enim
1187 3897 1374 3967 fabularum

199 3996 350 4071 tempora
373 3991 557 4061 definienda
581 3999 766 4066 comoediae
791 4000 1052 4084 Aristophaneae
1068 4005 1273 4074 adhibendae
1288 4017 1375 4076 sunt.

264 4187 284 4253 ⁷)
302 4185 401 4240 Postea
420 4186 453 4242 de
472 4187 522 4241 hac
540 4189 633 4245 tabula
651 4192 791 4247 dicendum
802 4194 861 4251 erit.
882 4195 975 4263 Neque
993 4198 1062 4252 enirn
1075 4199 1143 4253 satis
1156 4205 1271 4269 constat,
1282 4207 1374 4257 utrum

307 4276 465 4331 Philonides
501 4277 586 4344 ipsius
622 4280 750 4350 fabulam,
788 4301 823 4337 an
860 4286 1051 4355 Aristophanis
1087 4289 1270 4362 Praeiudium,
1298 4293 1375 4346 cuius

307 4366 463 4439 fragmenta
481 4374 599 4438 exstant,
619 4370 647 4424 in
665 4386 772 4431 scenam
791 4375 962 4438 commiserit
