3184 4994
701 444 744 455 ...
783 412 833 475 17
874 444 923 464 ,-.

223 602 353 671 τοιόνδε
387 607 532 674 indicare
569 608 702 676 videtur
736 626 821 690 eum,
856 607 913 689 qui
949 609 1032 673 haec
1061 604 1153 687 dicit,
1178 605 1285 688 ipsum
1308 603 1404 672 illum

225 716 482 797 pulcherrimum
518 734 677 798 pavonem
710 720 787 781 ante
823 715 934 781 oculos
969 714 1132 781 habuisse.
1190 715 1309 797 Itaque
1344 715 1404 780 hoe

225 821 410 905 fragmento
433 824 475 888 ad
500 828 628 904 tempus
663 820 798 887 fabulae
814 909 816 915 Ι
834 820 1052 888 definiendum
1089 822 1138 887 nti
1174 840 1238 886 uon
1268 821 1404 904 licet¹⁸).

226 932 296 997 Iam
319 936 459 1013 apparet
494 949 544 1016 ea,
580 947 664 1011 quae
699 929 740 995 de
776 929 881 1010 prima
913 928 1088 1010 Eupolidis
1111 927 1223 994 fabula
1247 931 1406 997 Wilamo·

166 1055 168 1059 ’
226 1038 357 1104 witzins
382 1038 567 1118 contendit,
594 1036 725 1102 minime
748 1042 840 1103 certa
864 1054 944 1102 osse.
1183 1101 1185 1106 ,

332 1147 382 1213 De
406 1145 507 1211 Horis
532 1143 658 1210 Cratini
684 1144 716 1209 in
742 1144 876 1211 scholiis
900 1143 1135 1209 adLueianum
1158 1148 1201 1209 46
1220 1145 1270 1211 ed.
1287 1144 1403 1211 Jacob.

227 1254 307 1319 llaec
331 1253 525 1318 traduntur:

227 1364 388 1443 Κρατῖνος
411 1354 447 1421 ἐν
469 1350 585 1442 Ὥραις
608 1350 648 1430 ὥς
671 1354 902 1439 παρελθόντος
924 1363 1000 1422 νέοι
1025 1361 1071 1443 τῷ
1093 1354 1218 1444 βήματι
1242 1363 1407 1445 μέμνηται

227 1465 439 1555 (Hyperbnli)
486 1466 541 1528 καὶ
564 1457 636 1550 παρ’
667 1459 809 1551 ἡλικίαν·
835 1465 891 1530 καὶ
929 1458 1166 1552 Ἀριστοφάνης
1208 1467 1311 1553 Σφηξὶ
1350 1467 1407 1535 καὶ

229 1569 374 1645 Εὔπολις
396 1570 549 1637 Πόλεσιν.

293 1682 375 1748 lude
390 1665 666 1748 Wilamowitzius
679 1681 849 1748 concludit
862 1680 1010 1753 fabulam
1025 1702 1052 1746 a.
1066 1685 1129 1748 427
1145 1687 1204 1747 aut
1216 1688 1283 1751 496
1300 1690 1407 1748 actam

230 1808 317 1873 esse;
329 1808 386 1856 cur
397 1808 478 1857 vero
494 1809 615 1855 annum
631 1794 697 1856 428
714 1790 892 1873 exceperit,
923 1799 1036 1870 postea
1053 1808 1088 1856 se
1107 1791 1406 1857 demonstraturum

230 1916 301 1964 osse
325 1898 508 1980 pollicetur,
546 1897 598 1963 cui
633 1898 795 1988 premisso
830 1904 939 1963 minan
976 1917 1040 1963 non
1064 1898 1168 1964 stetit.
1215 1898 1295 1965 Cum
1319 1898 1404 1967 eninr

231 1992 443 2089 Hyperbolus
467 2009 640 2071 annuens
660 2006 700 2070 ab
725 1999 1107 2087 Aristophanaprimum
1126 2013 1408 2087 commemoretur,

231 2112 508 2179 Wilamowitzius
531 2130 603 2181 eum
628 2130 692 2176 non
716 2113 818 2187 multo
842 2119 919 2178 ante
942 2112 1002 2178 huc
1018 2121 1146 2194 tempus
1162 2131 1230 2178 rem
1249 2114 1410 2195 publicam

233 2220 463 2302 capessivisse,
488 2220 686 2300 praesertim
710 2237 789 2285 vero
807 2219 932 2285 Pericle
955 2219 1032 2286 vivo
1057 2220 1140 2285 nihil
1165 2221 1313 2286 molitum
1338 2240 1411 2287 esse

234 2332 354 2394 censet.
402 2325 506 2410 Quam
529 2328 729 2392 sententium
755 2327 901 2392 Koekius
916 2327 1091 2420 *improbat
1111 2327 1265 2399 Muelleri
1298 2328 1410 2395 struo.

234 2435 422 2500 coniectura
459 2433 566 2500 nixus.
628 2433 668 2500 Is
700 2435 784 2500 euim
824 2434 909 2500 haud
951 2434 1119 2516 probabile
1149 2441 1243 2502 ratus
1272 2437 1411 2502 Athenis

235 2542 394 2608 hominem
430 2559 548 2607 novum
585 2543 756 2608 admodum
793 2542 1033 2608 adolescentem
1069 2541 1119 2607 ad>
1147 2561 1213 2608 rem
1248 2543 1411 2624 publicam

234 2651 414 2715 accessisse
458 2649 515 2712 aut
550 2645 623 2732 παῤ
666 2642 796 2734 ἡλικίαν
820 2649 917 2715 eiecit
940 2661 1041 2730 atque
1064 2669 1122 2731 pro
1148 2651 1265 2733 „neom
1295 2655 1410 2733 „new

235 2757 365 2839 (nuper)
389 2756 523 2838 scripsit
547 2757 664 2840 (Arist.
708 2757 774 2822 und
811 2757 864 2823 die
897 2757 1012 2824 histor.
1038 2758 1154 2823 Kritik
1178 2778 1207 2840 p.
1236 2763 1300 2822 560
1324 2757 1413 2842 adn.)

236 2863 357 2929 Postea
381 2861 609 2944 (Fleckeisens
633 2867 725 2931 Neue
750 2865 867 2930 Jahrb.
896 2871 980 2931 1890
1006 2886 1034 2947 p.
1060 2865 1139 2950 513)
1163 2866 1350 2932 accuratius
1374 2866 1415 2933 de

237 2971 349 3036 eadem
373 2989 408 3036 re
432 2973 502 3052 egit
525 2978 625 3053 atque
650 2973 756 3037 Horas
780 2991 865 3037 anno
889 2979 953 3038 421
978 2973 1011 3037 in
1043 2991 1173 3039 scenam
1209 2974 1413 3039 commissam

238 3096 314 3143 esse
338 3077 514 3144 contendit.
561 3079 658 3160 Apud
682 3080 894 3145 scholiastam
918 3079 1002 3146 enim
1027 3080 1164 3145 Luciani
1179 3080 1416 3160 Aristophanis

238 3188 366 3268 Vespas
390 3204 448 3267 pro
472 3186 561 3251 Pace
585 3187 720 3252 citatam
744 3205 829 3272 esse,
854 3187 888 3252 in
911 3188 997 3253 Pace
1021 3194 1132 3253 autem
1157 3188 1219 3271 (vs.
1245 3192 1309 3251 680
1331 3186 1415 3267 sqq.)

295 3400 328 3463 13)
348 3399 428 3471 Apud
447 3399 529 3455 schol.
549 3400 591 3454 ad.
611 3400 696 3455 Arist.
715 3402 766 3454 Av.
787 3401 856 3456 1656
876 3401 940 3455 haec
958 3399 1121 3456 traduntur:

346 3483 382 3552 ὣς
409 3487 532 3551 Εὔπολις
551 3490 582 3547 ἐν
600 3478 807 3566 Ἀστρατεύτοις·

348 3583 519 3658 Πείσανδρος
538 3581 578 3641 εἰς
598 3574 747 3637 Πακτωλὸν
765 3575 942 3654 ἐστρατεύετο

346 3659 491 3726 admonita
510 3671 558 3744 τῆς
577 3669 706 3745 στρατιᾶς
724 3665 849 3744 κάκιστος
870 3659 904 3743 ἦν
924 3658 1002 3746 darie.

348 3760 413 3814 Cum
442 3776 529 3828 neque
555 3775 674 3826 unquam
702 3760 881 3814 Athenienses
900 3759 1098 3828 expeditionem
1117 3761 1150 3814 ad
1170 3760 1310 3814 Pactolum
1330 3773 1417 3813 susee-

348 3851 438 3916 perint
456 3865 542 3918 nequa
560 3849 588 3904 in
607 3850 658 3904 tali
676 3849 847 3918 expeditione
865 3850 1003 3918 Pisandes,
1024 3849 1065 3903 vir
1084 3851 1143 3904 auri
1173 3850 1369 3918 cupidissimus,
1389 3863 1418 3902 se

349 3941 500 4009 pessimum,
520 3940 566 3995 sed
594 3942 725 4010 optimum
753 3940 925 4008 praebiturus
944 3940 1036 4007 fuerit,
1055 3940 1203 3995 Hanowius
1227 3941 1318 4006 (Eser.
1331 3939 1417 3994 critic.

350 4046 376 4098 p.
387 4031 438 4084 317
450 4035 517 4098 sqq.)
528 4048 576 4100 pro
589 4027 771 4099 „Hoxrotdv“
784 4026 991 4106 ,,Στιαρτωλόν“
1001 4031 1096 4086 scribit
1105 4038 1188 4099 atque
1198 4030 1230 4085 de
1249 4029 1420 4098 expeditione

290 4186 292 4193 Ι
349 4118 554 4174 Atheniensium
574 4137 643 4175 anno
662 4123 715 4174 429
735 4122 762 4174 in
781 4121 935 4175 Bottiaeam
955 4122 1029 4175 lacta
1048 4122 1161 4190 cogitat.
1189 4121 1288 4188 Quodsi
1308 4118 1418 4187 Eupolis

350 4210 633 4286 hanelexpeditionem
653 4212 726 4281 dicit,
755 4198 874 4266 fabulam
903 4213 960 4266 eins
987 4228 1040 4266 non
1068 4212 1154 4266 multo
1172 4218 1235 4278 post
1253 4215 1343 4265 actam
1361 4224 1419 4264 esse

350 4305 471 4369 apparet.
507 4299 600 4367 Neque
630 4307 720 4354 tamen
748 4301 818 4355 hanc
846 4302 1035 4370 coniecturam,
1064 4301 1187 4368 quamvis
1214 4300 1279 4355 mihi
1304 4300 1418 4368 placeat,

351 4403 452 4452 certam
472 4407 532 4447 asse*
548 4390 747 4445 affirmaverim.
