3184 4994
606 433 828 495 ..53‚.

23 710 27 715 ν
125 623 332 712 Ἀρίσταρχος
354 625 460 692 latere
484 632 628 707 possunt.
663 628 776 707 Neque
800 623 993 692 incredibile
1017 633 1068 691 est
1089 625 1302 702 hunclocum

125 757 167 804 ex
189 735 382 803 Aristarcho
417 733 631 816 grammatico
670 731 807 799 citatum
833 740 867 798 et
891 738 1006 813 poetae
1030 733 1159 797 nomine
1183 731 1302 798 omisso

125 845 160 912 in
185 844 291 910 lexica
325 850 491 924 receptum
521 858 601 907 esse.
650 839 713 906 Hic
738 839 844 923 igitur
867 839 1023 921 Hesychii
1046 839 1139 905 locus
1164 839 1204 904 ad
1229 839 1305 905 Ari·

126 952 318 1033 stophuuem
341 947 460 1016 referri
486 965 549 1012 non
574 952 697 1029 potest,-
719 946 783 1011 nisi
808 965 850 1012 ex
874 940 973 1011 certis
985 945 1187 1027 Triphaletis
1215 945 1304 1029 frag·

127 1058 246 1125 meotis
270 1058 515 1122 demonstratur
537 1055 599 1120 hac
628 1053 807 1119 comoedia.
829 1052 1033 1119 Alcibiadem
1058 1052 1190 1119 imisum
1222 1070 1302 1119 esse.

126 1169 236 1247 Atque
261 1162 401 1230 concedo
426 1161 547 1227 nemini
571 1162 680 1243 aptius
703 1179 819 1226 nomen
843 1160 1028 1241 Triphaleti
1054 1160 1124 1226 dari
1155 1161 1303 1241 potuisse

125 1293 220 1356 quam
263 1269 438 1336 Alcibiadi.
499 1267 566 1335 Sed
605 1286 688 1349 quae
727 1267 767 1334 de
804 1267 999 1349 Triphalete
1037 1267 1072 1332 iu
1107 1267 1304 1350 fragmentis

125 1382 291 1461 dicuntur,
313 1395 353 1444 ea
381 1395 444 1442 non
460 1378 569 1442 minus
586 1383 663 1458 apte
679 1375 719 1441 ad
737 1375 884 1455 quemvis
899 1374 1060 1441 hominem
1089 1375 1302 1445 libidinosum

125 1505 224 1569 quam
247 1486 288 1551 ad
323 1484 527 1552 Alcibiadem
561 1483 728 1565 pertinere
757 1489 905 1565 possunt.
955 1483 1025 1549 Uno
1050 1481 1235 1566 fragmento
1261 1483 1302 1549 ad

125 1592 330 1660 Alcibiadem
346 1592 505 1675 ducimur,
531 1590 617 1673 qnod
631 1590 774 1655 traditur
787 1590 874 1672 apud
892 1591 1097 1657 Athenaeum
1112 1592 1179 1673 (12,
1194 1596 1302 1674 biba).

124 1702 176 1768 Ibi
211 1701 296 1767 enim
333 1700 429 1765 multi
463 1699 577 1782 Jonas,
609 1705 650 1772 ut
674 1716 757 1779 puer
790 1698 964 1778 Triphales
989 1697 1052 1762 sibi
1077 1699 1303 1780 venumdetur,

125 1809 304 1891 postulant.
351 1808 444 1873 Intcr
466 1808 525 1872 hos
548 1805 648 1871 etiam
672 1805 825 1888 Abydeni
850 1813 1150 1871 commemorantur.
1181 1806 1303 1873 Eodem

124 1924 235 1983 autern
260 1917 331 1982 loco
354 1917 546 1982 Athenaeus
564 1914 780 1994 Antiphontis
798 1904 958 1993 quoddam
976 1912 1193 1995 fragmentum
1211 1913 1300 1999 citat,

126 2044 189 2107 quo
225 2024 254 2089 is
290 2023 457 2090 Alcibiadi
492 2023 668 2104 opprobrio
703 2022 815 2102 vertit,
851 2021 936 2102 quod
972 2022 1086 2087 statim
1129 2028 1303 2104 postquam

124 2132 175 2196 sui
201 2131 282 2195 iuris
317 2131 427 2195 iactus
462 2135 560 2213 esset,
595 2126 747 2209 Abydum
771 2127 918 2211 abiisset,
944 2133 981 2193 ut
1004 2129 1231 2209 voluptatibus
1253 2131 1303 2196 in·

125 2238 286 2318 dulgeret.
334 2236 399 2302 Sed
433 2236 494 2301 hac
529 2254 565 2301 re
601 2234 682 2299 nihil
716 2219 960 2300 demonstratur
983 2252 1092 2316 neque
1113 2237 1304 2304 Athenaeus

122 2345 197 2428 ipse
220 2345 321 2411 verba
344 2342 578 2425 Aristophanis
602 2347 716 2407 contra
732 2341 936 2407 Alcibiadem
954 2341 1043 2408 dicta
1059 2361 1133 2410 esse
1158 2345 1303 2412 adnotat.

125 2451 275 2539 Accedit,
311 2450 396 2533 quod
432 2449 672 2530 Aristophanes
709 2449 874 2516 Alcibiadi
911 2450 1062 2518 inimicus
1098 2450 1202 2518 fuisse
1238 2471 1302 2519 non

124 2561 257 2628 videtur
293 2557 446 2643 (Mueller
480 2556 590 2623 Struh.
630 2577 659 2638 p.
699 2562 758 2623 115
783 2559 896 2634 Couat,
920 2577 951 2640 p.
979 2565 1053 2645 178,
1081 2564 1166 2640 179).
1213 2560 1303 2626 Raro

124 2670 210 2735 enim
234 2668 269 2733 in
293 2666 342 2733 eis
368 2664 551 2745 comoediis,
577 2682 661 2745 quae
685 2682 771 2730 nuuc
794 2671 937 2751 exstant,
965 2667 1204 2750 Aristophanes
1229 2686 1301 2734 enm

124 2775 271 2839 nominat
306 2792 411 2855 neque
447 2790 583 2853 usquam
619 2772 772 2837 acerbius
807 2771 842 2835 in
866 2789 937 2836 enm
962 2772 1138 2840 invehitur.
1184 2776 1304 2857 Itaque

125 2878 322 2945 incredibile
356 2887 407 2944 est
442 2897 516 2944 eum
538 2885 615 2961 post
645 2896 766 2943 annum
790 2882 853 2943 411
880 2878 914 2944 in
938 2880 1156 2965 Alcibiadem,
1181 2883 1303 2964 inquo

120 2993 190 3053 turn
216 2986 320 3051 omnis
343 3003 418 3066 spes
442 2986 695 3052 Atheniensium
709 2986 911 3070 positaerat,
925 2986 1296 3069 integramcomoediam

121 3091 403 3174 composuissess).
451 3092 602 3173 Denique
627 3093 818 3159 Alcibiades
842 3101 917 3174 post
940 3095 1080 3160 reditum
1104 3098 1299 3181 necDiony·

122 3201 182 3267 siis
213 3199 346 3281 Magnis
382 3216 441 3262 nec
474 3200 613 3265 Lenaeis
648 3201 790 3267 Athenis
825 3199 974 3268 adfuisse
1015 3202 1148 3270 videtur
1193 3214 1300 3286 neque

121 3313 332 3390 poseant
286 3304 544 3371 Atheniensibus
590 3304 735 3372 fabulam
760 3310 973 3390 probaturum
1009 3309 1111 3378 inisse
1147 3319 1236 3393 puto,
1270 3314 1299 3379 si

123 3418 289 3483 absentem
314 3412 516 3479 vellicasset.

231 3519 413 3587 Alcibiadis
437 3534 553 3585 nomen
577 3520 617 3585 ad
642 3531 770 3603 tempus
794 3524 891 3589 huius
915 3523 1049 3591 fabulae
1081 3477 1298 3594 definiendum

123 3625 268 3691 adhiberi
292 3647 356 3693 non
381 3645 476 3708 posse
500 3626 661 3710 videmus,
685 3629 744 3694 sed
767 3630 858 3695 aliud
887 3632 1047 3712 quoddam
1078 3632 1296 3716 fragmentum

123 3731 163 3796 ad
204 3732 287 3796 hauc
324 3753 392 3800 rem
428 3735 511 3800 utile
550 3741 608 3801 est.
656 3735 794 3800 Photius
819 3737 905 3801 euim
929 3745 963 3803 et
987 3740 1154 3807 Suidass.
1178 3760 1208 3808 v
1233 3744 1298 3805 τῶν

121 3841 222 3923 τριῶν
256 3842 362 3900 κακῶν
398 3838 434 3904 ἓν
468 3844 550 3909 haec
586 3842 735 3909 trudunt:
770 3846 874 3906 ταῦτα
910 3845 944 3909 δὲ
980 3837 1068 3910 εἶναι
1092 3845 1298 3928 λέγοοισιν,“
1275 3873 1296 3914 α

125 3936 369 4069 Θηραμένης
345 3964 441 4029 optor
464 3945 735 4034 προστιμήματα.
760 3945 998 4073 Ἀριστοφάνης
1024 3951 1223 4042 Τριφάλητι

226 4045 287 4130 ἐγὼ
302 4047 363 4135 γοίρ
387 4073 457 4114 αττο
452 4048 684 4140 Θηραμένους
707 4051 890 4121 δέδοικα
851 4080 892 4122 τα
909 4080 985 4144 τρια
996 4064 1109 4127 ταῦτα.

176 4227 210 4291 r
229 4225 311 4281 Denrs
330 4227 352 4295 I
371 4242 397 4295 p.
416 4228 468 4281 437
479 4243 536 4295 sqq
555 4231 764 4300 Aristophanem
783 4233 887 4289 Avibus
910 4236 1078 4292 Alcibiadem
1096 4241 1208 4309 aggredi
1237 4258 1297 4296 con·

229 4314 324 4458 tegdit,
353 4331 433 4383 quam
461 4317 624 4373 senteutiam
651 4321 830 4379 demonstrari
861 4341 914 4380 non
942 4342 1019 4394 posse
1045 4328 1101 4394 ipse
1132 4329 1296 4385 intellexisse

229 4403 256 4458 ri
275 4412 344 4460 etur.
