3184 4994
647 416 870 478 -23-

168 620 236 684 τοῖς
259 605 414 697 ἠπιόλοις
442 605 651 695 ἐπιχειρῆσαι
674 606 814 693 πέρυσιν
836 610 981 682 καὶτοῖς
1004 617 1203 695 πυρετοῖσιν,

172 719 205 783 οἳ
226 715 302 791 τοὺς
326 723 472 801 πατέρας
495 711 525 780 τ’
549 701 648 801 ἦγχον
665 711 948 799 νόκτωρκαὶτους
970 711 1344 798 πόπποοςόπέπνιγον.

170 823 445 908 κατακλινόμενοι
467 817 498 889 τ’
521 821 579 889 ἐπὶ
603 831 674 895 ταῖς
689 827 812 895 κοίταις
827 820 886 887 ἐπὶ
900 830 1006 888 τοῖσιν
1021 821 1232 909 ἀπράγμοσιν
1253 820 1344 906 ὑμῶν

170 930 371 1016 α’ντωμοσίας
394 935 453 997 καί
473 927 685 1016 προσκλήσεις
708 932 764 994 καί
787 934 966 1015 μαρτυρίας
986 928 1198 1013 συνεκόλλων,

170 1035 242 1106 ὥστ’
266 1036 444 1126 ἀναπηδᾶν
467 1041 696 1120 δειμαίνοντας
719 1032 928 1115 πολλούςκῶς
958 1034 1017 1105 τόν
1040 1041 1261 1126 πολέμαρχον,

168 1145 290 1214 τοιόνδ’
313 1143 466 1229 εὑρόντες
489 1141 681 1220 α’λεξίκακον
703 1149 759 1230 τῆς
781 1142 884 1230 χώρας
907 1134 1002 1232 τῆσδε
1025 1144 1196 1234 καθαρτήν

168 1262 307 1342 πέρυσιν
329 1250 579 1340 καταπροόδοτε
602 1249 812 1325 καινοτάταις
835 1249 1008 1334 σπείραντ’
1037 1246 1138 1318 αότόν
1173 1256 1343 1337 διανοίαις,

168 1359 205 1436 tt
228 1358 297 1427 ὑπὸ
321 1366 382 1427 τοῦ
404 1355 451 1446 μὴ
474 1365 596 1440 γνῶναι
620 1363 776 1445 καθαρῶς
798 1355 890 1443 όμείς
914 1357 1084 1446 ἐποιήσατ’
1107 1354 1267 1434 α’ναλδεῐς·

275 1489 367 1555 Dicit
390 1488 494 1571 igitur
516 1493 613 1570 poeto
646 1488 706 1552 hoo
740 1487 810 1553 loco
833 1506 868 1553 se
892 1507 977 1553 anno
1000 1494 1066 1554 422
1092 1494 1166 1571 post
1191 1489 1343 1554 Cleonem

168 1616 233 1681 eos,
258 1597 313 1678 qui
339 1603 450 1678 patres
473 1603 507 1661 et
533 1615 614 1661 avos
649 1595 734 1661 male
757 1596 953 1661 habuissent
977 1603 1012 1661 et
1035 1596 1124 1663 cives
1148 1596 1345 1676 tranquillos

169 1706 435 1771 accusationibus
459 1709 648 1784 vexassent,
676 1703 820 1784 petiisse.
867 1705 963 1768 Anno
998 1710 1108 1769 autem
1131 1708 1198 1769 423
1234 1704 1344 1777 Nubes

169 1821 244 1879 acta
268 1819 330 1895 est,
355 1812 397 1877 ad
422 1830 517 1892 quam
543 1809 689 1876 fabulam
715 1809 840 1876 scholia
864 1811 946 1875 haec
970 1809 1128 1880 referunt.
1164 1811 1226 1878 Sed
1243 1812 1344 1894 Berg-

166 1921 242 1986 kius
266 1920 422 2001 (Meinek.
446 1918 490 2001 ΙΙ,
517 1925 547 1996 2,
573 1938 602 1998 p.
630 1918 812 1999 llltsqq.)
850 1919 908 1983 hoc
943 1919 1014 1983 loco
1050 1904 1116 1984 non
1140 1920 1262 2000 Nubes
1286 1919 1343 1984 sed

167 2031 266 2095 aliam
306 2027 469 2107 quandam
516 2026 714 2091 comoediam
755 2026 904 2091 eiusdem
942 2026 1020 2091 anni
1058 2027 1201 2092 Lenaeis
1233 2037 1342 2091 actam

166 2136 306 2201 indicari
329 2135 378 2200 ita
402 2134 649 2214 demonstravit,
675 2147 711 2197 ut
734 2132 798 2197 iam
823 2133 985 2198 neminem
1004 2134 1044 2198 de
1059 2134 1121 2199 beo
1138 2153 1173 2199 uc
1190 2134 1343 2200 dubitare

169 2242 321 2307 arbitrer.

272 2368 369 2433 Hanc
394 2365 592 2432 comoediam
616 2366 785 2448 Bergkius
808 2365 873 2431 sibi
888 2365 1056 2432 invenisse
1073 2364 1215 2434 videtur.
1241 2368 1343 2434 Putat

166 2477 252 2542 enim
288 2475 466 2541 Onerariae
501 2475 731 2556 Aristophanis
755 2482 789 2541 et
811 2493 897 2540 anino
921 2481 986 2541 423
1011 2484 1118 2541 aotam
1143 2482 1177 2540 et
1201 2476 1234 2540 in
1251 2495 1343 2557 syco-

167 2584 310 2665 phantas
348 2582 505 2663 scriptam
542 2600 625 2658 esse,
650 2600 746 2662 quam
770 2583 966 2648 sententiam
993 2583 1246 2649 Wilamowitzio
1270 2602 1342 2664 pro-

167 2692 272 2757 bavit.
314 2691 408 2755 Auno
445 2689 529 2755 enim
565 2694 630 2755 423
668 2690 879 2770 expeditione
890 2691 929 2772 17)
971 2691 1005 2754 iu
1047 2690 1217 2756 Euboeam
1253 2690 1343 2755 facta

166 2799 305 2863 multum
328 2796 487 2863 frumenti
513 2797 661 2862 Athenas
686 2798 824 2862 allatum
840 2814 919 2864 esse.
944 2797 1057 2862 Titnlo
1072 2805 1180 2863 autem
1206 2795 1342 2864 fabulae

167 2905 430 2984 Aristophaneus
466 2924 521 2970 eas
557 2924 659 2969 naves
703 2905 872 2970 onerarias
911 2905 986 2985 dici,
1023 2923 1108 2985 quae
1144 2904 1340 2985 frumentum

166 3011 247 3076 illud
283 3030 324 3076 ex
358 3012 492 3077 Euboea
515 3012 715 3077 attulissent.
762 3013 842 3077 Post
867 3012 955 3076 illam
979 3030 1076 3092 porro
1100 3013 1340 3094 expeditionem
1413 3083 1416 3088 ,

162 3120 349 3201 'permultas
373 3119 413 3185 de
438 3119 574 3184 civitate
599 3120 745 3185 actiones
770 3124 1009 3200 exortas'esse,
1035 3121 1075 3185 ad
1110 3138 1191 3200 quas
1215 3120 1341 3185 Aristo-

165 3228 291 3310 phanes
325 3244 423 3293 versu
463 3229 546 3291 1042
583 3227 760 3292 alluderet.
807 3228 853 3291 At
887 3228 974 3308 apud
1009 3229 1248 3308 polemarchum
1281 3245 1341 3293 eae

166 3354 295 3421 cauisse,
322 3353 408 3415 quae
432 3334 473 3399 ad
498 3333 691 3415 peregrinos
715 3334 770 3400 vel
795 3334 836 3399 ad
861 3334 950 3400 cives
974 3341 1007 3399 et
1030 3333 1224 3416 peregrinos
1241 3334 1341 3415 perti-

165 3446 297 3527 nebant,
333 3444 528 3529 agebantur,
563 3460 625 3505 non
656 3438 690 3503 αἱ
718 3442 809 3504 δίκαι
842 3443 956 3516 ξενίας.
1002 3443 1085 3508 Nam
1116 3444 1172 3523 qui
1197 3443 1341 3524 peregri·

164 3550 308 3615 nationis
332 3550 582 3631 accusabantur,
608 3550 639 3614 ei
664 3567 767 3629 usque
803 3549 844 3614 ad
879 3568 1009 3614 causam
1046 3555 1212 3631 peractam
1249 3550 1342 3615 cives

166 3661 271 3720 erant.
316 3656 393 3739 Ipse
430 3657 518 3724 enim
553 3656 750 3723 Aristoteles
786 3651 979 3740 (Ἀθηναίων
1014 3657 1167 3723 πολιτεία
1202 3675 1252 3738 op.
1285 3660 1338 3739 te,

165 3760 206 3827 cf.
231 3762 390 3843 Harpocr.
415 3772 439 3829 's
464 3784 492 3831 v.
517 3764 703 3848 δωροξενία·
727 3770 759 3830 et
794 3761 1010 3847 παράστασις)
1036 3766 1106 3830 suis
1138 3765 1339 3846 temporibus

164 3863 222 3940 τας
246 3869 337 3940 δίκας
359 3872 465 3944 ξενίας
488 3873 527 3938 ad
552 3870 658 3938 forum
684 3872 981 3937 thesmothetarum
1005 3871 1202 3953 pertinuisse
1235 3872 1340 3957 tradit

164 3995 270 4057 neque
295 3985 357 4058 est,
383 3979 465 4057 quod
503 3981 562 4045 hoc
598 3980 711 4060 quinto
747 3981 878 4045 saeculo
910 3979 1008 4045 aliter
1032 3999 1067 4046 se
1092 3981 1247 4045 habuisse
1271 3997 1339 4044 sius·

163 4084 316 4166 picemur.
363 4085 475 4165 Neque
498 4087 688 4173 scholiasta,
714 4103 908 4168 quamquam
931 4106 973 4153 ne
988 4106 1060 4153 eum
1079 4087 1209 4168 quidem
1227 4105 1338 4152 verum

218 4299 251 4368 ¹⁷)
270 4296 514 4352 MuellerusStrub.
534 4301 592 4364 (Ar.
612 4315 638 4354 u.
658 4299 683 4353 d.
704 4300 767 4356 hist.
787 4300 835 4354 Kr.
849 4317 874 4369 p.
894 4301 1030 4365 96-105)
1051 4299 1124 4353 illam
1144 4298 1338 4366 expeditionem

270 4404 396 4455 umquam
416 4386 517 4441 laetam
536 4403 595 4443 esse
614 4395 705 4458 negat.
