<?xml version="1.0" encoding="UTF-8"?>
<!DOCTYPE html PUBLIC "-//W3C//DTD XHTML 1.0 Transitional//EN"
    "http://www.w3.org/TR/xhtml1/DTD/xhtml1-transitional.dtd">
<html xmlns="http://www.w3.org/1999/xhtml" xml:lang="en" lang="en">
 <head>
  <title>
</title>
<meta http-equiv="Content-Type" content="text/html;charset=utf-8" />
  <meta name='ocr-system' content='tesseract 3.04.00' />
  <meta name='ocr-capabilities' content='ocr_page ocr_carea ocr_par ocr_line ocrx_word'/>
</head>
<body>
  <div class='ocr_page' id='page_1' title='image "./decomoediarumgr00zellgoog_0039.png"; bbox 0 0 3184 4994; ppageno 0'>
   <div class='ocr_carea' id='block_1_1' title="bbox 745 390 966 460">
    <p class='ocr_par' dir='ltr' id='par_1_1' title="bbox 745 390 966 460">
     <span class='ocr_line' id='line_1_1' title="bbox 745 390 966 460; baseline -0.009 -18"><span class='ocrx_word' id='word_1_1' title='bbox 745 390 877 460; x_wconf 63' lang='lat'><strong>„¹34</strong></span> <span class='ocrx_word' id='word_1_2' title='bbox 922 429 966 440; x_wconf 89' lang='lat'><strong>..</strong></span> 
     </span>
    </p>
   </div>
   <div class='ocr_carea' id='block_1_2' title="bbox 252 578 1463 2394">
    <p class='ocr_par' dir='ltr' id='par_1_2' title="bbox 252 578 1463 1642">
     <span class='ocr_line' id='line_1_2' title="bbox 264 578 1443 674; baseline -0.002 -17"><span class='ocrx_word' id='word_1_3' title='bbox 264 590 298 657; x_wconf 88' lang='lat' dir='ltr'><strong>id</strong></span> <span class='ocrx_word' id='word_1_4' title='bbox 323 596 375 657; x_wconf 90' lang='lat' dir='ltr'><strong>est</strong></span> <span class='ocrx_word' id='word_1_5' title='bbox 398 597 477 656; x_wconf 88' lang='lat' dir='ltr'><strong>aute</strong></span> <span class='ocrx_word' id='word_1_6' title='bbox 501 610 530 656; x_wconf 87' lang='lat' dir='ltr'><strong>a.</strong></span> <span class='ocrx_word' id='word_1_7' title='bbox 553 578 618 657; x_wconf 78' lang='lat' dir='ltr'><strong>tta</strong></span> <span class='ocrx_word' id='word_1_8' title='bbox 644 590 697 671; x_wconf 74' lang='lat' dir='ltr'><strong>(tl.</strong></span> <span class='ocrx_word' id='word_1_9' title='bbox 732 589 810 670; x_wconf 63' lang='lat'><strong>238)</strong></span> <span class='ocrx_word' id='word_1_10' title='bbox 846 582 1021 659; x_wconf 84' lang='lat' dir='ltr'><strong>Praeterea</strong></span> <span class='ocrx_word' id='word_1_11' title='bbox 1057 584 1243 656; x_wconf 81' lang='lat' dir='ltr'><strong>Meiuokius</strong></span> <span class='ocrx_word' id='word_1_12' title='bbox 1279 610 1320 656; x_wconf 83' lang='lat' dir='ltr'><strong>ex</strong></span> <span class='ocrx_word' id='word_1_13' title='bbox 1353 589 1443 674; x_wconf 78' lang='lat' dir='ltr'><strong>trag-</strong></span> 
     </span>
     <span class='ocr_line' id='line_1_3' title="bbox 266 696 1463 781; baseline -0.004 -17"><span class='ocrx_word' id='word_1_14' title='bbox 266 704 376 765; x_wconf 90' lang='lat' dir='ltr'><strong>mento</strong></span> <span class='ocrx_word' id='word_1_15' title='bbox 400 699 538 779; x_wconf 80' lang='lat' dir='ltr'><strong>quodam</strong></span> <span class='ocrx_word' id='word_1_16' title='bbox 564 699 660 781; x_wconf 72' lang='lat' dir='ltr'><strong>(dil)</strong></span> <span class='ocrx_word' id='word_1_17' title='bbox 684 696 828 765; x_wconf 83' lang='lat' dir='ltr'><strong>labttlatn</strong></span> <span class='ocrx_word' id='word_1_18' title='bbox 854 704 931 769; x_wconf 85' lang='lat' dir='ltr'><strong>ante</strong></span> <span class='ocrx_word' id='word_1_19' title='bbox 947 716 974 762; x_wconf 91' lang='lat' dir='ltr'><strong>a.</strong></span> <span class='ocrx_word' id='word_1_20' title='bbox 991 702 1055 764; x_wconf 76' lang='lat'><strong>415</strong></span> <span class='ocrx_word' id='word_1_21' title='bbox 1075 697 1203 763; x_wconf 88' lang='lat' dir='ltr'><strong>doctam</strong></span> <span class='ocrx_word' id='word_1_22' title='bbox 1219 716 1291 764; x_wconf 88' lang='lat' dir='ltr'><strong>esse</strong></span> <span class='ocrx_word' id='word_1_23' title='bbox 1308 699 1463 779; x_wconf 82' lang='lat' dir='ltr'>colligit..</span> 
     </span>
     <span class='ocr_line' id='line_1_4' title="bbox 267 800 1441 886; baseline -0.001 -15"><span class='ocrx_word' id='word_1_24' title='bbox 267 806 339 871; x_wconf 89' lang='lat' dir='ltr'><strong>Hoc</strong></span> <span class='ocrx_word' id='word_1_25' title='bbox 363 805 449 879; x_wconf 87' lang='lat' dir='ltr'><strong>enirn</strong></span> <span class='ocrx_word' id='word_1_26' title='bbox 474 800 838 886; x_wconf 74' lang='lat' dir='ltr'><strong>fragoreuto&#39;Stilhides</strong></span> <span class='ocrx_word' id='word_1_27' title='bbox 864 811 1084 886; x_wconf 67' lang='lat' dir='ltr'><strong>anteaquam</strong></span> <span class='ocrx_word' id='word_1_28' title='bbox 1111 805 1206 885; x_wconf 80' lang='lat' dir='ltr'><strong>petilo</strong></span> <span class='ocrx_word' id='word_1_29' title='bbox 1231 805 1441 871; x_wconf 87' lang='lat' dir='ltr'><strong>anteNiciam</strong></span> 
     </span>
     <span class='ocr_line' id='line_1_5' title="bbox 265 912 1441 997; baseline 0.001 -20"><span class='ocrx_word' id='word_1_30' title='bbox 265 914 300 978; x_wconf 92' lang='lat' dir='ltr'><strong>in</strong></span> <span class='ocrx_word' id='word_1_31' title='bbox 325 912 439 979; x_wconf 81' lang='lat' dir='ltr'><strong>Sicilia</strong></span> <span class='ocrx_word' id='word_1_32' title='bbox 464 914 626 979; x_wconf 80' lang='lat' dir='ltr'><strong>mortuum</strong></span> <span class='ocrx_word' id='word_1_33' title='bbox 651 930 723 978; x_wconf 90' lang='lat' dir='ltr'><strong>csso</strong></span> <span class='ocrx_word' id='word_1_34' title='bbox 740 912 936 979; x_wconf 71' lang='lat' dir='ltr'><strong>Plutarchus</strong></span> <span class='ocrx_word' id='word_1_35' title='bbox 953 921 1081 994; x_wconf 87' lang='lat' dir='ltr'><strong>narrat,</strong></span> <span class='ocrx_word' id='word_1_36' title='bbox 1098 914 1145 977; x_wconf 89' lang='lat' dir='ltr'><strong>ita</strong></span> <span class='ocrx_word' id='word_1_37' title='bbox 1161 918 1441 997; x_wconf 74' lang='lat' dir='ltr'><strong>commemoratur,</strong></span> 
     </span>
     <span class='ocr_line' id='line_1_6' title="bbox 266 1018 1442 1102; baseline 0 -16"><span class='ocrx_word' id='word_1_38' title='bbox 266 1029 303 1086; x_wconf 92' lang='lat' dir='ltr'><strong>ut</strong></span> <span class='ocrx_word' id='word_1_39' title='bbox 338 1020 479 1089; x_wconf 78' lang='lat' dir='ltr'><strong>Athenis</strong></span> <span class='ocrx_word' id='word_1_40' title='bbox 512 1018 660 1086; x_wconf 75' lang='lat' dir='ltr'><strong>adfuisse</strong></span> <span class='ocrx_word' id='word_1_41' title='bbox 695 1020 855 1087; x_wconf 85' lang='lat' dir='ltr'><strong>videatur.</strong></span> <span class='ocrx_word' id='word_1_42' title='bbox 902 1020 1013 1102; x_wconf 87' lang='lat' dir='ltr'><strong>Respa</strong></span> <span class='ocrx_word' id='word_1_43' title='bbox 1036 1028 1142 1085; x_wconf 89' lang='lat' dir='ltr'><strong>autem</strong></span> <span class='ocrx_word' id='word_1_44' title='bbox 1169 1020 1266 1097; x_wconf 81' lang='lat' dir='ltr'><strong>(Dias.</strong></span> <span class='ocrx_word' id='word_1_45' title='bbox 1292 1021 1332 1085; x_wconf 93' lang='lat' dir='ltr'><strong>de</strong></span> <span class='ocrx_word' id='word_1_46' title='bbox 1357 1020 1442 1102; x_wconf 81' lang='lat' dir='ltr'><strong>unp.</strong></span> 
     </span>
     <span class='ocr_line' id='line_1_7' title="bbox 266 1125 1442 1213; baseline -0.001 -19"><span class='ocrx_word' id='word_1_47' title='bbox 266 1128 357 1194; x_wconf 80' lang='lat' dir='ltr'><strong>Deru.</strong></span> <span class='ocrx_word' id='word_1_48' title='bbox 382 1136 415 1194; x_wconf 89' lang='lat' dir='ltr'><strong>et</strong></span> <span class='ocrx_word' id='word_1_49' title='bbox 439 1126 507 1193; x_wconf 82' lang='lat' dir='ltr'><strong>Ciu.</strong></span> <span class='ocrx_word' id='word_1_50' title='bbox 533 1146 562 1208; x_wconf 92' lang='lat' dir='ltr'><strong>p.</strong></span> <span class='ocrx_word' id='word_1_51' title='bbox 587 1131 643 1207; x_wconf 83' lang='lat'><strong>84)</strong></span> <span class='ocrx_word' id='word_1_52' title='bbox 678 1125 822 1193; x_wconf 82' lang='lat' dir='ltr'><strong>fabulam</strong></span> <span class='ocrx_word' id='word_1_53' title='bbox 860 1126 964 1193; x_wconf 88' lang='lat' dir='ltr'><strong>eidem</strong></span> <span class='ocrx_word' id='word_1_54' title='bbox 999 1127 1067 1192; x_wconf 85' lang='lat' dir='ltr'><strong>fere</strong></span> <span class='ocrx_word' id='word_1_55' title='bbox 1101 1128 1237 1208; x_wconf 78' lang='lat' dir='ltr'><strong>tempori</strong></span> <span class='ocrx_word' id='word_1_56' title='bbox 1272 1128 1442 1213; x_wconf 75' lang='lat' dir='ltr'><strong>adscribit,</strong></span> 
     </span>
     <span class='ocr_line' id='line_1_8' title="bbox 252 1234 1441 1317; baseline -0.001 -16"><span class='ocrx_word' id='word_1_57' title='bbox 252 1253 336 1317; x_wconf 55' lang='lat' dir='ltr'><strong>ouo*</strong></span> <span class='ocrx_word' id='word_1_58' title='bbox 352 1237 482 1317; x_wconf 89' lang='lat' dir='ltr'><strong>Vespae</strong></span> <span class='ocrx_word' id='word_1_59' title='bbox 506 1246 581 1300; x_wconf 88' lang='lat' dir='ltr'><strong>acta</strong></span> <span class='ocrx_word' id='word_1_60' title='bbox 603 1244 663 1300; x_wconf 88' lang='lat' dir='ltr'><strong>ost.</strong></span> <span class='ocrx_word' id='word_1_61' title='bbox 703 1236 743 1301; x_wconf 91' lang='lat' dir='ltr'><strong>Iu</strong></span> <span class='ocrx_word' id='word_1_62' title='bbox 767 1234 886 1316; x_wconf 88' lang='lat' dir='ltr'><strong>Vespis</strong></span> <span class='ocrx_word' id='word_1_63' title='bbox 910 1234 994 1300; x_wconf 91' lang='lat' dir='ltr'><strong>enim</strong></span> <span class='ocrx_word' id='word_1_64' title='bbox 1015 1234 1252 1316; x_wconf 78' lang='lat' dir='ltr'><strong>Aristophanes</strong></span> <span class='ocrx_word' id='word_1_65' title='bbox 1266 1237 1441 1316; x_wconf 86' lang='lat' dir='ltr'><strong>Amyuiam</strong></span> 
     </span>
     <span class='ocr_line' id='line_1_9' title="bbox 266 1343 1441 1429; baseline 0 -20"><span class='ocrx_word' id='word_1_66' title='bbox 266 1343 438 1429; x_wconf 87' lang='lat' dir='ltr'><strong>quendam,</strong></span> <span class='ocrx_word' id='word_1_67' title='bbox 474 1343 530 1424; x_wconf 86' lang='lat' dir='ltr'><strong>qtri</strong></span> <span class='ocrx_word' id='word_1_68' title='bbox 566 1343 760 1409; x_wconf 86' lang='lat' dir='ltr'><strong>Pharsalum</strong></span> <span class='ocrx_word' id='word_1_69' title='bbox 786 1344 914 1426; x_wconf 82' lang='lat' dir='ltr'><strong>legatus</strong></span> <span class='ocrx_word' id='word_1_70' title='bbox 939 1343 1058 1409; x_wconf 86' lang='lat' dir='ltr'><strong>ntissus</strong></span> <span class='ocrx_word' id='word_1_71' title='bbox 1088 1349 1177 1425; x_wconf 88' lang='lat' dir='ltr'><strong>erat,</strong></span> <span class='ocrx_word' id='word_1_72' title='bbox 1207 1349 1343 1424; x_wconf 88' lang='lat' dir='ltr'><strong>propter</strong></span> <span class='ocrx_word' id='word_1_73' title='bbox 1367 1348 1441 1425; x_wconf 66' lang='lat' dir='ltr'><strong>ege·</strong></span> 
     </span>
     <span class='ocr_line' id='line_1_10' title="bbox 265 1438 538 1517; baseline 0.004 -2"><span class='ocrx_word' id='word_1_74' title='bbox 265 1458 383 1517; x_wconf 86' lang='lat' dir='ltr'><strong>statem</strong></span> <span class='ocrx_word' id='word_1_75' title='bbox 408 1438 538 1517; x_wconf 83' lang='lat' dir='ltr'><strong>irridet:</strong></span> 
     </span>
     <span class='ocr_line' id='line_1_11' title="bbox 267 1548 1324 1642; baseline -0.003 -19"><span class='ocrx_word' id='word_1_76' title='bbox 267 1564 348 1623; x_wconf 67' lang='lat' dir='ltr'><strong>lali</strong></span> <span class='ocrx_word' id='word_1_77' title='bbox 376 1552 462 1622; x_wconf 78' lang='grc' dir='ltr'><strong>α’λλά</strong></span> <span class='ocrx_word' id='word_1_78' title='bbox 488 1553 677 1641; x_wconf 78' lang='grc' dir='ltr'><em>πρεσβεύων</em></span> <span class='ocrx_word' id='word_1_79' title='bbox 699 1552 762 1642; x_wconf 80' lang='grc' dir='ltr'><strong>γὰρ</strong></span> <span class='ocrx_word' id='word_1_80' title='bbox 786 1553 818 1628; x_wconf 74' lang='grc' dir='ltr'><strong>ὗς</strong></span> <span class='ocrx_word' id='word_1_81' title='bbox 843 1552 1018 1641; x_wconf 72' lang='grc' dir='ltr'><em>Φάρσαλον</em></span> <span class='ocrx_word' id='word_1_82' title='bbox 1042 1548 1143 1642; x_wconf 79' lang='grc' dir='ltr'><strong>ᾤχετ’,</strong></span> <span class='ocrx_word' id='word_1_83' title='bbox 1170 1548 1229 1620; x_wconf 77' lang='grc' dir='ltr'><strong>εἶτ’</strong></span> <span class='ocrx_word' id='word_1_84' title='bbox 1253 1553 1324 1620; x_wconf 79' lang='grc' dir='ltr'><strong>ἐκεῖ</strong></span> 
     </span>
    </p>

    <p class='ocr_par' dir='ltr' id='par_1_3' title="bbox 375 1660 611 1747">
     <span class='ocr_line' id='line_1_12' title="bbox 375 1660 611 1747; baseline 0.004 -19"><span class='ocrx_word' id='word_1_85' title='bbox 375 1660 475 1747; x_wconf 77' lang='grc' dir='ltr'><strong><em>μόνος</em></strong></span> <span class='ocrx_word' id='word_1_86' title='bbox 498 1660 611 1746; x_wconf 79' lang='grc' dir='ltr'><strong><em>μόνοις</em></strong></span> 
     </span>
    </p>

    <p class='ocr_par' dir='ltr' id='par_1_4' title="bbox 374 1775 867 1857">
     <span class='ocr_line' id='line_1_13' title="bbox 374 1775 867 1857; baseline -0.004 -20"><span class='ocrx_word' id='word_1_87' title='bbox 374 1780 441 1845; x_wconf 84' lang='grc' dir='ltr'><em>τοῖς</em></span> <span class='ocrx_word' id='word_1_88' title='bbox 465 1779 654 1837; x_wconf 73' lang='lat' dir='ltr'><strong>mensuratur</strong></span> <span class='ocrx_word' id='word_1_89' title='bbox 678 1775 776 1857; x_wconf 78' lang='grc' dir='ltr'><strong><em>ξυνῆν</em></strong></span> <span class='ocrx_word' id='word_1_90' title='bbox 798 1778 867 1844; x_wconf 82' lang='grc' dir='ltr'><strong><em>τοῖς</em></strong></span> 
     </span>
    </p>

    <p class='ocr_par' dir='ltr' id='par_1_5' title="bbox 263 1868 1443 2394">
     <span class='ocr_line' id='line_1_14' title="bbox 378 1868 1260 1964; baseline 0.001 -20"><span class='ocrx_word' id='word_1_91' title='bbox 378 1880 561 1964; x_wconf 77' lang='grc' dir='ltr'><strong><em>Θετταλῶν,</em></strong></span> <span class='ocrx_word' id='word_1_92' title='bbox 588 1872 685 1952; x_wconf 69' lang='grc' dir='ltr'><strong><em>αὐτὸς</em></strong></span> <span class='ocrx_word' id='word_1_93' title='bbox 709 1884 867 1964; x_wconf 77' lang='grc' dir='ltr'><strong><em>πενέστης</em></strong></span> <span class='ocrx_word' id='word_1_94' title='bbox 891 1868 936 1944; x_wconf 72' lang='grc' dir='ltr'><strong>ὢν</strong></span> <span class='ocrx_word' id='word_1_95' title='bbox 952 1875 1094 1945; x_wconf 69' lang='grc' dir='ltr'><strong><em>ἐλάττων</em></strong></span> <span class='ocrx_word' id='word_1_96' title='bbox 1118 1872 1260 1951; x_wconf 75' lang='grc' dir='ltr'><strong><em>οὐδενός.</em></strong></span> 
     </span>
     <span class='ocr_line' id='line_1_15' title="bbox 263 1987 1443 2070; baseline -0.001 -17"><span class='ocrx_word' id='word_1_97' title='bbox 263 1988 418 2054; x_wconf 83' lang='lat' dir='ltr'><strong>Dubitari</strong></span> <span class='ocrx_word' id='word_1_98' title='bbox 453 1988 576 2070; x_wconf 81' lang='lat' dir='ltr'><strong>nequit,</strong></span> <span class='ocrx_word' id='word_1_99' title='bbox 613 1989 689 2070; x_wconf 78' lang='lat' dir='ltr'><strong>quin</strong></span> <span class='ocrx_word' id='word_1_100' title='bbox 727 1989 888 2070; x_wconf 76' lang='lat' dir='ltr'><strong>amyntas</strong></span> <span class='ocrx_word' id='word_1_101' title='bbox 913 2006 949 2057; x_wconf 87' lang='lat' dir='ltr'><strong>re</strong></span> <span class='ocrx_word' id='word_1_102' title='bbox 982 2006 1062 2055; x_wconf 83' lang='lat' dir='ltr'><strong>vera</strong></span> <span class='ocrx_word' id='word_1_103' title='bbox 1090 1987 1282 2055; x_wconf 86' lang='lat' dir='ltr'><strong>Pharsalum</strong></span> <span class='ocrx_word' id='word_1_104' title='bbox 1311 1987 1443 2066; x_wconf 77' lang='lat' dir='ltr'><strong>legatus</strong></span> 
     </span>
     <span class='ocr_line' id='line_1_16' title="bbox 265 2095 1442 2176; baseline -0.003 -14"><span class='ocrx_word' id='word_1_105' title='bbox 265 2095 385 2162; x_wconf 88' lang='lat' dir='ltr'><strong>missus</strong></span> <span class='ocrx_word' id='word_1_106' title='bbox 408 2097 462 2161; x_wconf 89' lang='lat' dir='ltr'><strong>sit.</strong></span> <span class='ocrx_word' id='word_1_107' title='bbox 487 2095 637 2162; x_wconf 76' lang='lat' dir='ltr'><strong>Thessali</strong></span> <span class='ocrx_word' id='word_1_108' title='bbox 656 2095 752 2175; x_wconf 86' lang='lat' dir='ltr'><strong>cuim,</strong></span> <span class='ocrx_word' id='word_1_109' title='bbox 769 2096 888 2176; x_wconf 84' lang='lat' dir='ltr'><strong>quibus</strong></span> <span class='ocrx_word' id='word_1_110' title='bbox 905 2114 976 2161; x_wconf 86' lang='lat' dir='ltr'><strong>curn</strong></span> <span class='ocrx_word' id='word_1_111' title='bbox 994 2095 1253 2165; x_wconf 82' lang='lat' dir='ltr'><strong>Atheniensibus</strong></span> <span class='ocrx_word' id='word_1_112' title='bbox 1270 2095 1442 2174; x_wconf 81' lang='lat' dir='ltr'><strong>antiquum</strong></span> 
     </span>
     <span class='ocr_line' id='line_1_17' title="bbox 264 2202 1440 2286; baseline -0.001 -19"><span class='ocrx_word' id='word_1_113' title='bbox 264 2210 338 2268; x_wconf 87' lang='lat' dir='ltr'><strong>erat</strong></span> <span class='ocrx_word' id='word_1_114' title='bbox 372 2202 498 2284; x_wconf 83' lang='lat' dir='ltr'><strong>foedus,</strong></span> <span class='ocrx_word' id='word_1_115' title='bbox 534 2203 649 2284; x_wconf 86' lang='lat' dir='ltr'><strong>primis</strong></span> <span class='ocrx_word' id='word_1_116' title='bbox 686 2203 763 2271; x_wconf 87' lang='lat' dir='ltr'><strong>belli</strong></span> <span class='ocrx_word' id='word_1_117' title='bbox 800 2202 1068 2286; x_wconf 87' lang='lat' dir='ltr'><strong>Peloponnesiaci</strong></span> <span class='ocrx_word' id='word_1_118' title='bbox 1104 2202 1200 2268; x_wconf 87' lang='lat' dir='ltr'><strong>anuis</strong></span> <span class='ocrx_word' id='word_1_119' title='bbox 1233 2220 1254 2267; x_wconf 90' lang='lat' dir='ltr'><strong>a</strong></span> <span class='ocrx_word' id='word_1_120' title='bbox 1289 2203 1440 2284; x_wconf 90' lang='lat' dir='ltr'><strong>partibus</strong></span> 
     </span>
     <span class='ocr_line' id='line_1_18' title="bbox 264 2309 1442 2394; baseline -0.002 -18"><span class='ocrx_word' id='word_1_121' title='bbox 264 2329 374 2377; x_wconf 90' lang='lat' dir='ltr'><strong>eorum</strong></span> <span class='ocrx_word' id='word_1_122' title='bbox 398 2313 533 2377; x_wconf 88' lang='lat' dir='ltr'><strong>stabant</strong></span> <span class='ocrx_word' id='word_1_123' title='bbox 556 2310 669 2392; x_wconf 85' lang='lat' dir='ltr'><strong>(Thuc.</strong></span> <span class='ocrx_word' id='word_1_124' title='bbox 694 2309 739 2392; x_wconf 88' lang='grc' dir='ltr'><strong>ΙΙ,</strong></span> <span class='ocrx_word' id='word_1_125' title='bbox 767 2317 818 2392; x_wconf 66' lang='lat' dir='ltr'><strong>til,</strong></span> <span class='ocrx_word' id='word_1_126' title='bbox 843 2311 906 2394; x_wconf 85' lang='lat'><strong>111,</strong></span> <span class='ocrx_word' id='word_1_127' title='bbox 920 2312 986 2391; x_wconf 77' lang='lat'>93).</span> <span class='ocrx_word' id='word_1_128' title='bbox 1012 2312 1107 2379; x_wconf 83' lang='lat' dir='ltr'><strong>Auno</strong></span> <span class='ocrx_word' id='word_1_129' title='bbox 1132 2327 1208 2376; x_wconf 87' lang='lat' dir='ltr'><strong>vern</strong></span> <span class='ocrx_word' id='word_1_130' title='bbox 1225 2310 1442 2374; x_wconf 78' lang='lat' dir='ltr'><strong>424Thessa·</strong></span> 
     </span>
    </p>
   </div>
   <div class='ocr_carea' id='block_1_3' title="bbox 263 2416 1442 2505">
    <p class='ocr_par' dir='ltr' id='par_1_6' title="bbox 263 2416 1442 2505">
     <span class='ocr_line' id='line_1_19' title="bbox 263 2416 1442 2505; baseline -0.001 -23"><span class='ocrx_word' id='word_1_131' title='bbox 263 2419 367 2484; x_wconf 86' lang='lat' dir='ltr'><strong>lorum</strong></span> <span class='ocrx_word' id='word_1_132' title='bbox 393 2419 555 2500; x_wconf 87' lang='lat' dir='ltr'><strong>principes</strong></span> <span class='ocrx_word' id='word_1_133' title='bbox 579 2417 748 2483; x_wconf 89' lang='lat' dir='ltr'><strong>Brasidam</strong></span> <span class='ocrx_word' id='word_1_134' title='bbox 774 2436 834 2499; x_wconf 90' lang='lat' dir='ltr'><strong>per</strong></span> <span class='ocrx_word' id='word_1_135' title='bbox 857 2418 1060 2485; x_wconf 80' lang='lat' dir='ltr'><strong>Thessaliam</strong></span> <span class='ocrx_word' id='word_1_136' title='bbox 1086 2416 1245 2505; x_wconf 84' lang='lat' dir='ltr'><strong>proficisci</strong></span> <span class='ocrx_word' id='word_1_137' title='bbox 1276 2435 1339 2482; x_wconf 92' lang='lat' dir='ltr'><strong>non</strong></span> <span class='ocrx_word' id='word_1_138' title='bbox 1369 2435 1442 2497; x_wconf 88' lang='lat' dir='ltr'><strong>pro·</strong></span> 
     </span>
    </p>
   </div>
   <div class='ocr_carea' id='block_1_4' title="bbox 260 2524 1441 4452">
    <p class='ocr_par' dir='ltr' id='par_1_7' title="bbox 260 2524 1441 3236">
     <span class='ocr_line' id='line_1_20' title="bbox 260 2524 1441 2608; baseline -0.002 -16"><span class='ocrx_word' id='word_1_139' title='bbox 260 2527 448 2593; x_wconf 88' lang='lat' dir='ltr'><strong>hibueruut.</strong></span> <span class='ocrx_word' id='word_1_140' title='bbox 485 2524 548 2592; x_wconf 83' lang='lat' dir='ltr'><strong>Sed</strong></span> <span class='ocrx_word' id='word_1_141' title='bbox 572 2525 792 2608; x_wconf 76' lang='lat' dir='ltr'><strong>Thucydides,</strong></span> <span class='ocrx_word' id='word_1_142' title='bbox 819 2525 958 2606; x_wconf 80' lang='lat' dir='ltr'><strong>quilIV,</strong></span> <span class='ocrx_word' id='word_1_143' title='bbox 973 2526 1124 2605; x_wconf 82' lang='lat' dir='ltr'><strong>ltllhatc</strong></span> <span class='ocrx_word' id='word_1_144' title='bbox 1149 2525 1262 2606; x_wconf 85' lang='lat' dir='ltr'><strong>tradit,</strong></span> <span class='ocrx_word' id='word_1_145' title='bbox 1288 2524 1441 2606; x_wconf 90' lang='lat' dir='ltr'><strong>populum</strong></span> 
     </span>
     <span class='ocr_line' id='line_1_21' title="bbox 266 2631 1440 2714; baseline -0.003 -15"><span class='ocrx_word' id='word_1_146' title='bbox 266 2634 496 2700; x_wconf 86' lang='lat' dir='ltr'><strong>Thessalorum</strong></span> <span class='ocrx_word' id='word_1_147' title='bbox 521 2634 716 2714; x_wconf 87' lang='lat' dir='ltr'><strong>apartibus</strong></span> <span class='ocrx_word' id='word_1_148' title='bbox 742 2633 990 2701; x_wconf 84' lang='lat' dir='ltr'><strong>Atheniensium</strong></span> <span class='ocrx_word' id='word_1_149' title='bbox 1015 2634 1148 2699; x_wconf 84' lang='lat' dir='ltr'><strong>stetisse</strong></span> <span class='ocrx_word' id='word_1_150' title='bbox 1176 2632 1277 2701; x_wconf 91' lang='lat' dir='ltr'><strong>addit.</strong></span> <span class='ocrx_word' id='word_1_151' title='bbox 1322 2631 1440 2712; x_wconf 87' lang='lat' dir='ltr'><strong>Itaque</strong></span> 
     </span>
     <span class='ocr_line' id='line_1_22' title="bbox 263 2739 1438 2823; baseline -0.003 -17"><span class='ocrx_word' id='word_1_152' title='bbox 263 2740 351 2806; x_wconf 88' lang='lat' dir='ltr'><strong>haud</strong></span> <span class='ocrx_word' id='word_1_153' title='bbox 387 2740 581 2807; x_wconf 87' lang='lat' dir='ltr'><strong>incredibile</strong></span> <span class='ocrx_word' id='word_1_154' title='bbox 618 2754 670 2806; x_wconf 92' lang='lat' dir='ltr'><strong>est</strong></span> <span class='ocrx_word' id='word_1_155' title='bbox 705 2740 879 2822; x_wconf 87' lang='lat' dir='ltr'><strong>Amyniam</strong></span> <span class='ocrx_word' id='word_1_156' title='bbox 914 2740 981 2806; x_wconf 91' lang='lat' dir='ltr'><strong>illis</strong></span> <span class='ocrx_word' id='word_1_157' title='bbox 1016 2740 1217 2823; x_wconf 86' lang='lat' dir='ltr'><strong>temporibus</strong></span> <span class='ocrx_word' id='word_1_158' title='bbox 1246 2739 1438 2805; x_wconf 88' lang='lat' dir='ltr'><strong>Pharsalum</strong></span> 
     </span>
     <span class='ocr_line' id='line_1_23' title="bbox 263 2846 1440 2933; baseline -0.001 -21"><span class='ocrx_word' id='word_1_159' title='bbox 263 2849 396 2914; x_wconf 91' lang='lat' dir='ltr'><strong>missum</strong></span> <span class='ocrx_word' id='word_1_160' title='bbox 421 2867 505 2932; x_wconf 82' lang='lat' dir='ltr'><strong>esse,</strong></span> <span class='ocrx_word' id='word_1_161' title='bbox 530 2857 567 2913; x_wconf 92' lang='lat' dir='ltr'><strong>nt</strong></span> <span class='ocrx_word' id='word_1_162' title='bbox 590 2847 757 2912; x_wconf 88' lang='lat' dir='ltr'><strong>Thessalis</strong></span> <span class='ocrx_word' id='word_1_163' title='bbox 783 2847 1004 2933; x_wconf 88' lang='lat' dir='ltr'><strong>persuaderet,</strong></span> <span class='ocrx_word' id='word_1_164' title='bbox 1029 2865 1071 2921; x_wconf 90' lang='lat' dir='ltr'><strong>ue</strong></span> <span class='ocrx_word' id='word_1_165' title='bbox 1088 2847 1260 2915; x_wconf 87' lang='lat' dir='ltr'><strong>Brasldam</strong></span> <span class='ocrx_word' id='word_1_166' title='bbox 1285 2865 1343 2929; x_wconf 87' lang='lat' dir='ltr'><strong>per</strong></span> <span class='ocrx_word' id='word_1_167' title='bbox 1358 2846 1440 2912; x_wconf 83' lang='lat' dir='ltr'><strong>fines</strong></span> 
     </span>
     <span class='ocr_line' id='line_1_24' title="bbox 264 2955 1438 3037; baseline -0.003 -16"><span class='ocrx_word' id='word_1_168' title='bbox 264 2972 341 3021; x_wconf 88' lang='lat' dir='ltr'><strong>suos</strong></span> <span class='ocrx_word' id='word_1_169' title='bbox 356 2955 421 3021; x_wconf 90' lang='lat' dir='ltr'><strong>iter</strong></span> <span class='ocrx_word' id='word_1_170' title='bbox 444 2957 553 3022; x_wconf 87' lang='lat' dir='ltr'><strong>facere</strong></span> <span class='ocrx_word' id='word_1_171' title='bbox 578 2956 734 3021; x_wconf 90' lang='lat' dir='ltr'><strong>sinerent.</strong></span> <span class='ocrx_word' id='word_1_172' title='bbox 759 2955 903 3021; x_wconf 82' lang='lat' dir='ltr'><strong>Eandem</strong></span> <span class='ocrx_word' id='word_1_173' title='bbox 931 2955 1090 3037; x_wconf 87' lang='lat' dir='ltr'><strong>Amyniae</strong></span> <span class='ocrx_word' id='word_1_174' title='bbox 1104 2955 1307 3037; x_wconf 57' lang='lat' dir='ltr'><strong>‚legationen</strong></span> <span class='ocrx_word' id='word_1_175' title='bbox 1323 2972 1438 3019; x_wconf 91' lang='lat' dir='ltr'><strong>secun·</strong></span> 
     </span>
     <span class='ocr_line' id='line_1_25' title="bbox 264 3061 1438 3144; baseline -0.002 -16"><span class='ocrx_word' id='word_1_176' title='bbox 264 3063 340 3128; x_wconf 92' lang='lat' dir='ltr'><strong>dnm</strong></span> <span class='ocrx_word' id='word_1_177' title='bbox 364 3062 487 3130; x_wconf 88' lang='lat' dir='ltr'><strong>scholia</strong></span> <span class='ocrx_word' id='word_1_178' title='bbox 511 3063 551 3128; x_wconf 92' lang='lat' dir='ltr'><strong>ad</strong></span> <span class='ocrx_word' id='word_1_179' title='bbox 575 3062 668 3127; x_wconf 90' lang='lat' dir='ltr'><strong>illum</strong></span> <span class='ocrx_word' id='word_1_180' title='bbox 695 3062 875 3142; x_wconf 76' lang='lat' dir='ltr'><strong>vesparum</strong></span> <span class='ocrx_word' id='word_1_181' title='bbox 899 3062 1004 3129; x_wconf 91' lang='lat' dir='ltr'><strong>locum</strong></span> <span class='ocrx_word' id='word_1_182' title='bbox 1029 3062 1128 3133; x_wconf 88' lang='lat' dir='ltr'><strong>etiam</strong></span> <span class='ocrx_word' id='word_1_183' title='bbox 1154 3061 1290 3144; x_wconf 78' lang='lat' dir='ltr'><strong>Eupolis</strong></span> <span class='ocrx_word' id='word_1_184' title='bbox 1315 3061 1348 3127; x_wconf 91' lang='lat' dir='ltr'><strong>in</strong></span> <span class='ocrx_word' id='word_1_185' title='bbox 1376 3062 1438 3127; x_wconf 87' lang='lat' dir='ltr'><strong>Ur·</strong></span> 
     </span>
     <span class='ocr_line' id='line_1_26' title="bbox 264 3169 876 3236; baseline -0.008 0"><span class='ocrx_word' id='word_1_186' title='bbox 264 3170 360 3236; x_wconf 91' lang='lat' dir='ltr'><strong>bibus</strong></span> <span class='ocrx_word' id='word_1_187' title='bbox 377 3171 436 3235; x_wconf 88' lang='lat' dir='ltr'><strong>his</strong></span> <span class='ocrx_word' id='word_1_188' title='bbox 460 3169 571 3236; x_wconf 88' lang='lat' dir='ltr'><strong>verbis</strong></span> <span class='ocrx_word' id='word_1_189' title='bbox 595 3169 876 3235; x_wconf 65' lang='lat' dir='ltr'><strong>commemorabile</strong></span> 
     </span>
    </p>

    <p class='ocr_par' dir='ltr' id='par_1_8' title="bbox 478 3268 1133 3358">
     <span class='ocr_line' id='line_1_27' title="bbox 478 3268 1133 3358; baseline 0 -18"><span class='ocrx_word' id='word_1_190' title='bbox 478 3280 640 3357; x_wconf 81' lang='grc' dir='ltr'><strong><em>χαμννίας</em></strong></span> <span class='ocrx_word' id='word_1_191' title='bbox 663 3274 788 3348; x_wconf 78' lang='grc' dir='ltr'><strong><em>ἐκεῖνος</em></strong></span> <span class='ocrx_word' id='word_1_192' title='bbox 811 3268 926 3357; x_wconf 75' lang='grc' dir='ltr'><em>ἀμέλει</em></span> <span class='ocrx_word' id='word_1_193' title='bbox 949 3272 1133 3358; x_wconf 73' lang='grc' dir='ltr'><strong>κλαύσεται,</strong></span> 
     </span>
    </p>

    <p class='ocr_par' dir='ltr' id='par_1_9' title="bbox 477 3374 1236 3470">
     <span class='ocr_line' id='line_1_28' title="bbox 477 3374 1236 3470; baseline -0.003 -22"><span class='ocrx_word' id='word_1_194' title='bbox 477 3377 530 3448; x_wconf 77' lang='grc' dir='ltr'><strong>ὅτι</strong></span> <span class='ocrx_word' id='word_1_195' title='bbox 554 3374 599 3447; x_wconf 73' lang='grc' dir='ltr'><strong>ὧν</strong></span> <span class='ocrx_word' id='word_1_196' title='bbox 621 3380 772 3468; x_wconf 79' lang='grc' dir='ltr'><em>ἄγροικος</em></span> <span class='ocrx_word' id='word_1_197' title='bbox 796 3382 924 3448; x_wconf 77' lang='grc' dir='ltr'><strong><em>ἵσταται</em></strong></span> <span class='ocrx_word' id='word_1_198' title='bbox 947 3380 1032 3468; x_wconf 82' lang='grc' dir='ltr'><strong><em>πρὸς</em></strong></span> <span class='ocrx_word' id='word_1_199' title='bbox 1053 3388 1098 3470; x_wconf 76' lang='grc' dir='ltr'><strong>τῷ</strong></span> <span class='ocrx_word' id='word_1_200' title='bbox 1120 3386 1236 3469; x_wconf 80' lang='grc' dir='ltr'><strong>μορίῳ,</strong></span> 
     </span>
    </p>

    <p class='ocr_par' dir='ltr' id='par_1_10' title="bbox 478 3480 1287 3567">
     <span class='ocr_line' id='line_1_29' title="bbox 478 3480 1287 3567; baseline 0 -13"><span class='ocrx_word' id='word_1_201' title='bbox 478 3485 531 3555; x_wconf 81' lang='grc' dir='ltr'><strong>ὅτι</strong></span> <span class='ocrx_word' id='word_1_202' title='bbox 554 3495 644 3555; x_wconf 71' lang='grc' dir='ltr'><strong><em>θεῶν</em></strong></span> <span class='ocrx_word' id='word_1_203' title='bbox 668 3487 766 3554; x_wconf 78' lang='grc' dir='ltr'><strong><em>ἕνεκα</em></strong></span> <span class='ocrx_word' id='word_1_204' title='bbox 792 3488 940 3567; x_wconf 77' lang='grc' dir='ltr'><strong>ἔπλευσε,</strong></span> <span class='ocrx_word' id='word_1_205' title='bbox 964 3486 1064 3564; x_wconf 81' lang='grc' dir='ltr'><strong><em>κακὸς</em></strong></span> <span class='ocrx_word' id='word_1_206' title='bbox 1088 3480 1133 3554; x_wconf 71' lang='grc' dir='ltr'><strong>ὢν</strong></span> <span class='ocrx_word' id='word_1_207' title='bbox 1156 3488 1287 3555; x_wconf 73' lang='grc' dir='ltr'><strong><em>εἴσεται.</em></strong></span> 
     </span>
    </p>

    <p class='ocr_par' dir='ltr' id='par_1_11' title="bbox 264 3615 1438 4452">
     <span class='ocr_line' id='line_1_30' title="bbox 372 3615 1436 3701; baseline -0.003 -18"><span class='ocrx_word' id='word_1_208' title='bbox 372 3617 463 3701; x_wconf 78' lang='lat' dir='ltr'><strong>Quae</strong></span> <span class='ocrx_word' id='word_1_209' title='bbox 498 3620 600 3685; x_wconf 89' lang='lat' dir='ltr'><strong>verba</strong></span> <span class='ocrx_word' id='word_1_210' title='bbox 639 3615 815 3682; x_wconf 84' lang='lat' dir='ltr'><strong>manifesto</strong></span> <span class='ocrx_word' id='word_1_211' title='bbox 851 3624 1006 3699; x_wconf 88' lang='lat' dir='ltr'><strong>corrupta</strong></span> <span class='ocrx_word' id='word_1_212' title='bbox 1039 3623 1131 3700; x_wconf 92' lang='lat' dir='ltr'><strong>suut,</strong></span> <span class='ocrx_word' id='word_1_213' title='bbox 1164 3619 1349 3698; x_wconf 81' lang='lat' dir='ltr'><strong>multasque</strong></span> <span class='ocrx_word' id='word_1_214' title='bbox 1372 3616 1436 3680; x_wconf 86' lang='lat' dir='ltr'><strong>ianr</strong></span> 
     </span>
     <span class='ocr_line' id='line_1_31' title="bbox 266 3724 1436 3805; baseline -0.003 -15"><span class='ocrx_word' id='word_1_215' title='bbox 266 3726 330 3791; x_wconf 90' lang='lat' dir='ltr'><strong>viri</strong></span> <span class='ocrx_word' id='word_1_216' title='bbox 365 3725 460 3790; x_wconf 86' lang='lat' dir='ltr'><strong>docti·</strong></span> <span class='ocrx_word' id='word_1_217' title='bbox 494 3724 738 3791; x_wconf 87' lang='lat' dir='ltr'><strong>emendationes</strong></span> <span class='ocrx_word' id='word_1_218' title='bbox 783 3731 998 3790; x_wconf 87' lang='lat' dir='ltr'><strong>tentaverunt</strong></span> <span class='ocrx_word' id='word_1_219' title='bbox 1041 3741 1145 3805; x_wconf 85' lang='lat' dir='ltr'><strong>neqtte</strong></span> <span class='ocrx_word' id='word_1_220' title='bbox 1180 3730 1288 3790; x_wconf 88' lang='lat' dir='ltr'><strong>tamen</strong></span> <span class='ocrx_word' id='word_1_221' title='bbox 1324 3741 1436 3790; x_wconf 83' lang='lat' dir='ltr'><strong>verum</strong></span> 
     </span>
     <span class='ocr_line' id='line_1_32' title="bbox 264 3831 1438 3914; baseline -0.003 -15"><span class='ocrx_word' id='word_1_222' title='bbox 264 3832 406 3899; x_wconf 90' lang='lat' dir='ltr'><strong>inveniri</strong></span> <span class='ocrx_word' id='word_1_223' title='bbox 431 3851 526 3913; x_wconf 88' lang='lat' dir='ltr'><strong>posse</strong></span> <span class='ocrx_word' id='word_1_224' title='bbox 550 3841 636 3914; x_wconf 89' lang='lat' dir='ltr'><strong>puto.</strong></span> <span class='ocrx_word' id='word_1_225' title='bbox 685 3831 749 3899; x_wconf 85' lang='lat' dir='ltr'><strong>Sed</strong></span> <span class='ocrx_word' id='word_1_226' title='bbox 784 3851 823 3896; x_wconf 89' lang='lat' dir='ltr'><strong>ea</strong></span> <span class='ocrx_word' id='word_1_227' title='bbox 857 3832 898 3897; x_wconf 88' lang='lat' dir='ltr'><strong>ad</strong></span> <span class='ocrx_word' id='word_1_228' title='bbox 932 3832 1126 3913; x_wconf 78' lang='lat' dir='ltr'><strong>legationem</strong></span> <span class='ocrx_word' id='word_1_229' title='bbox 1151 3831 1312 3914; x_wconf 86' lang='lat' dir='ltr'><strong>Amyniae</strong></span> <span class='ocrx_word' id='word_1_230' title='bbox 1336 3831 1438 3912; x_wconf 88' lang='lat' dir='ltr'><strong>perti-</strong></span> 
     </span>
     <span class='ocr_line' id='line_1_33' title="bbox 265 3938 1436 4021; baseline -0.003 -15"><span class='ocrx_word' id='word_1_231' title='bbox 265 3941 377 4007; x_wconf 89' lang='lat' dir='ltr'><strong>uuisse</strong></span> <span class='ocrx_word' id='word_1_232' title='bbox 400 3942 499 4006; x_wconf 91' lang='lat' dir='ltr'><strong>etiam</strong></span> <span class='ocrx_word' id='word_1_233' title='bbox 524 3959 564 4005; x_wconf 88' lang='lat' dir='ltr'><strong>ex</strong></span> <span class='ocrx_word' id='word_1_234' title='bbox 588 3939 720 4005; x_wconf 89' lang='lat' dir='ltr'><strong>scholiis</strong></span> <span class='ocrx_word' id='word_1_235' title='bbox 755 3940 795 4003; x_wconf 88' lang='lat' dir='ltr'><strong>ad</strong></span> <span class='ocrx_word' id='word_1_236' title='bbox 824 3940 935 4005; x_wconf 90' lang='lat' dir='ltr'><strong>Nubes</strong></span> <span class='ocrx_word' id='word_1_237' title='bbox 960 3945 1021 4003; x_wconf 79' lang='lat'><strong>691</strong></span> <span class='ocrx_word' id='word_1_238' title='bbox 1049 3948 1195 4021; x_wconf 87' lang='lat' dir='ltr'><strong>apparet,</strong></span> <span class='ocrx_word' id='word_1_239' title='bbox 1221 3939 1274 4003; x_wconf 89' lang='lat' dir='ltr'><strong>ubi</strong></span> <span class='ocrx_word' id='word_1_240' title='bbox 1299 3938 1436 4019; x_wconf 83' lang='lat' dir='ltr'><strong>Eupolis</strong></span> 
     </span>
     <span class='ocr_line' id='line_1_34' title="bbox 264 4041 1435 4131; baseline -0.002 -19"><span class='ocrx_word' id='word_1_241' title='bbox 264 4042 304 4119; x_wconf 80' lang='grc' dir='ltr'><strong>ὡς</strong></span> <span class='ocrx_word' id='word_1_242' title='bbox 346 4041 646 4131; x_wconf 75' lang='grc' dir='ltr'><strong><em>παραπρεσβεντὴν</em></strong></span> <span class='ocrx_word' id='word_1_243' title='bbox 698 4047 869 4128; x_wconf 85' lang='lat' dir='ltr'><strong>Amyuiam</strong></span> <span class='ocrx_word' id='word_1_244' title='bbox 915 4046 1089 4112; x_wconf 89' lang='lat' dir='ltr'><strong>vellicasse</strong></span> <span class='ocrx_word' id='word_1_245' title='bbox 1131 4046 1283 4111; x_wconf 90' lang='lat' dir='ltr'><strong>traditur.</strong></span> <span class='ocrx_word' id='word_1_246' title='bbox 1342 4044 1435 4127; x_wconf 82' lang='lat' dir='ltr'><strong>Quod</strong></span> 
     </span>
     <span class='ocr_line' id='line_1_35' title="bbox 264 4152 1435 4240; baseline -0.004 -18"><span class='ocrx_word' id='word_1_247' title='bbox 264 4176 335 4222; x_wconf 90' lang='lat' dir='ltr'><strong>cum</strong></span> <span class='ocrx_word' id='word_1_248' title='bbox 361 4161 497 4237; x_wconf 87' lang='lat' dir='ltr'><strong>constet,</strong></span> <span class='ocrx_word' id='word_1_249' title='bbox 523 4154 831 4240; x_wconf 87' lang='lat' dir='ltr'><strong>verisimiliusesse</strong></span> <span class='ocrx_word' id='word_1_250' title='bbox 855 4152 1043 4235; x_wconf 86' lang='lat' dir='ltr'><strong>putabimus</strong></span> <span class='ocrx_word' id='word_1_251' title='bbox 1068 4153 1209 4234; x_wconf 81' lang='lat' dir='ltr'><strong>Eupolin</strong></span> <span class='ocrx_word' id='word_1_252' title='bbox 1235 4156 1294 4219; x_wconf 89' lang='lat' dir='ltr'><strong>hoc</strong></span> <span class='ocrx_word' id='word_1_253' title='bbox 1323 4154 1435 4234; x_wconf 87' lang='lat' dir='ltr'><strong>paucis</strong></span> 
     </span>
     <span class='ocr_line' id='line_1_36' title="bbox 264 4260 1434 4345; baseline -0.003 -16"><span class='ocrx_word' id='word_1_254' title='bbox 264 4282 358 4345; x_wconf 88' lang='lat' dir='ltr'><strong>quarn</strong></span> <span class='ocrx_word' id='word_1_255' title='bbox 384 4262 496 4327; x_wconf 90' lang='lat' dir='ltr'><strong>multis</strong></span> <span class='ocrx_word' id='word_1_256' title='bbox 510 4262 605 4328; x_wconf 90' lang='lat' dir='ltr'><strong>aunis</strong></span> <span class='ocrx_word' id='word_1_257' title='bbox 629 4269 703 4343; x_wconf 87' lang='lat' dir='ltr'><strong>post</strong></span> <span class='ocrx_word' id='word_1_258' title='bbox 725 4261 825 4326; x_wconf 90' lang='lat' dir='ltr'><strong>illam</strong></span> <span class='ocrx_word' id='word_1_259' title='bbox 841 4260 1037 4343; x_wconf 83' lang='lat' dir='ltr'><strong>legationem</strong></span> <span class='ocrx_word' id='word_1_260' title='bbox 1061 4261 1193 4327; x_wconf 86' lang='lat' dir='ltr'><strong>dixisse.</strong></span> <span class='ocrx_word' id='word_1_261' title='bbox 1218 4265 1434 4328; x_wconf 87' lang='lat' dir='ltr'><strong>Auuoantem</strong></span> 
     </span>
     <span class='ocr_line' id='line_1_37' title="bbox 264 4368 1434 4452; baseline -0.003 -14"><span class='ocrx_word' id='word_1_262' title='bbox 264 4377 324 4438; x_wconf 74' lang='lat'><strong>42]</strong></span> <span class='ocrx_word' id='word_1_263' title='bbox 353 4372 462 4439; x_wconf 87' lang='lat' dir='ltr'><strong>Urbes</strong></span> <span class='ocrx_word' id='word_1_264' title='bbox 485 4378 560 4435; x_wconf 86' lang='lat' dir='ltr'><strong>acta</strong></span> <span class='ocrx_word' id='word_1_265' title='bbox 583 4388 655 4436; x_wconf 91' lang='lat' dir='ltr'><strong>esse</strong></span> <span class='ocrx_word' id='word_1_266' title='bbox 679 4388 744 4435; x_wconf 92' lang='lat' dir='ltr'><strong>non</strong></span> <span class='ocrx_word' id='word_1_267' title='bbox 768 4369 907 4451; x_wconf 88' lang='lat' dir='ltr'><strong>videtur,</strong></span> <span class='ocrx_word' id='word_1_268' title='bbox 925 4386 1119 4452; x_wconf 82' lang='lat' dir='ltr'><strong>quamquam</strong></span> <span class='ocrx_word' id='word_1_269' title='bbox 1137 4369 1317 4435; x_wconf 88' lang='lat' dir='ltr'><strong>Muellerus</strong></span> <span class='ocrx_word' id='word_1_270' title='bbox 1326 4368 1434 4435; x_wconf 87' lang='lat' dir='ltr'><strong>Strub.</strong></span> 
     </span>
    </p>
   </div>
   <div class='ocr_carea' id='block_1_5' title="bbox 0 0 1596 4994">
    <p class='ocr_par' dir='ltr' id='par_1_12' title="bbox 0 0 1596 4994">
     <span class='ocr_line' id='line_1_38' title="bbox 0 0 1596 4994; baseline 0 0"><span class='ocrx_word' id='word_1_271' title='bbox 0 0 1596 4994; x_wconf 95' lang='lat' dir='ltr'><strong> </strong></span> 
     </span>
    </p>
   </div>
  </div>
 </body>
</html>
