3184 4994
733 423 954 484 -pss-

345 619 387 679 60
412 605 491 676 οὔθ’
512 604 676 697 Ἡρακλῆς
697 608 736 676 τά
761 614 901 677 δεῖπνον
924 609 1192 697 ἐξαπατώμενος,

415 711 488 783 οὐδ’
511 704 610 790 αὖθις
633 717 945 802 ἐνασελγαινάμενος
967 716 1159 807 Εὐριπίδης·

415 822 486 891 οὐδ’
510 824 542 890 εἰ
563 826 676 890 Κλέων
699 822 728 907 γ’
752 824 885 914 ἔλαμψε
908 831 964 913 τῆς
985 823 1082 914 τάχης
1104 824 1216 914 χάριν,

416 920 515 1006 αὖθις
537 929 597 998 τὸν
620 926 723 998 αάτὸν
745 931 852 1018 ἄνδρα
875 931 1156 1016 μυττωτεύσομεν.

362 1044 509 1110 Primum
533 1045 639 1126 igitur
663 1044 726 1108 dno
743 1043 979 1109 comoediarum
999 1062 1122 1127 genera
1138 1050 1234 1126 poeta
1251 1051 1430 1129 enumerat,

256 1152 376 1219 deinde
410 1152 453 1216 ad
489 1150 622 1217 fabulas
657 1150 826 1234 anisdam,
863 1171 947 1232 qnae
971 1158 1049 1218 ante
1072 1154 1200 1234 Vespas
1223 1160 1318 1218 actae
1342 1162 1431 1237 snnt,

256 1260 386 1326 transit.
444 1259 527 1325 Nam
571 1261 725 1325 versihns
772 1265 904 1324 53-63
970 1259 1226 1342 Aristophanem
1268 1268 1430 1326 certarum

256 1375 414 1449 quattuor
447 1366 633 1432 fabularum
669 1373 865 1448 argumenta
900 1367 954 1434 vel
989 1385 1105 1433 scenas
1140 1368 1248 1433 dicore
1272 1368 1431 1434 Wilamo-

256 1476 388 1541 witzins
413 1475 658 1540 demonstravit.
707 1474 773 1540 Sed
797 1474 881 1554 qnod
906 1492 1018 1540 ornnes
1041 1475 1118 1543 illos
1141 1493 1259 1542 versus
1283 1475 1324 1541 ad
1360 1495 1432 1557 pro·

256 1583 346 1664 prias
394 1582 625 1663 Aristophanis
672 1581 855 1648 comoedias
890 1591 1041 1663 spectare
1075 1582 1255 1660 contendit,
1301 1602 1431 1649 errasse

257 1690 397 1756 videtur.
444 1690 581 1755 Lnehke
620 1691 706 1756 enim
742 1690 893 1773 (Observ.
918 1690 1020 1756 critic.
1045 1693 1079 1755 in
1104 1690 1180 1757 hist.
1215 1698 1279 1757 vet.
1316 1691 1432 1757 Graec.

257 1797 440 1864 comoediae
476 1798 560 1862 Beri.
600 1803 684 1863 1883
721 1817 741 1878 p
785 1799 842 1876 41)
878 1798 1028 1863 versibus
1064 1804 1196 1863 53-60
1231 1798 1431 1864 aemulorum

256 1906 397 1986 fabulas,
433 1906 648 1984 sequentibus
683 1910 722 1969 61
741 1911 815 1969 -62
849 1923 927 1971 snas
949 1906 1204 1987 Aristophanem
1227 1905 1433 1972 intellexisse

258 2014 307 2078 ita
332 2012 488 2092 ostendit,
522 2020 557 2077 nt
592 2013 699 2078 denno
735 2013 775 2077 de
809 2031 849 2078 ea
886 2031 922 2078 re
951 2032 1050 2096 agere
1073 2031 1354 2095 supervacaneum
1378 2014 1432 2080 sit

259 2118 348 2185 Idem
372 2121 483 2202 verba,
499 2137 583 2201 qnae
606 2120 642 2184 in
666 2119 800 2185 scholiis
824 2121 1052 2205 inveniuntur,
1074 2116 1130 2200 ,io
1146 2125 1214 2191 τοῖς
1230 2113 1298 2203 πρὸ
1314 2114 1434 2183 τούτου

260 2225 499 2306 δεδιδαγμένοις
537 2221 702 2308 δράμασιν·
735 2223 781 2297 εἰς
811 2221 872 2310 τὴν
894 2219 1094 2309 Ἡρακλέους
1116 2217 1300 2311 ἀπληστίαν
1324 2219 1434 2289 πολλὰ

259 2335 487 2419 προείρηιαα,
512 2335 639 2400 rectius
664 2334 705 2400 de
728 2336 952 2416 compluribus
986 2333 1111 2400 fabulis
1134 2352 1229 2414 qnam
1255 2328 1434 2399 de'fabnia

261 2443 519 2524 Aristophanen,
568 2442 620 2506 cni
655 2441 852 2523 inscriptum
887 2449 961 2508 erat
996 2436 1160 2525 Δράματα
1195 2429 1217 2523 ἢ
1250 2444 1435 2524 Κένταυρος

259 2550 408 2631 intellegi
422 2556 528 2630 putat,
542 2569 639 2630 qnam
652 2552 849 2616 sententiam
868 2551 970 2633 ipsam
984 2567 1112 2633 quoqne
1129 2549 1207 2615 mihi
1225 2548 1434 2633 proterite)
1502 2625 1506 2631 ‚

366 2658 435 2723 Iam
459 2656 640 2742 videamus,
665 2659 706 2723 ad
731 2677 812 2739 quas
835 2659 942 2740 ipsias
965 2658 1095 2723 fabulas
1119 2657 1359 2737 Aristophanes
1383 2657 1435 2721 hie

260 2765 397 2848 alludat,
423 2765 567 2848 honest,
604 2784 668 2845 qna
706 2764 821 2831 fabula
851 2783 887 2831 se
911 2766 1101 2846 Euripidem
1126 2765 1274 2831 irrisisse
1297 2763 1433 2829 indicet.

260 2875 343 2938 Nam
379 2873 528 2939 versibus
566 2880 618 2955 32,
655 2879 696 2938 63
733 2873 873 2953 Equites
908 2874 1151 2938 commemorari
1188 2879 1336 2953 apparet.
1382 2869 1434 2936 Ad

260 2997 390 3046 versum
416 2983 454 3044 61
483 2980 563 3045 haec
586 2988 664 3046 sont
686 2983 721 3045 in
747 2981 858 3047 codice
883 2982 1009 3047 Veneto
1033 2980 1205 3049 adnotata:

369 3096 451 3168 Κατ’
474 3098 577 3168 αὐτοῦ
613 3100 672 3191 γάρ
707 3110 833 3191 καθῆκε
868 3102 927 3178 τάς
960 3096 1298 3189 Θεσμοφοριαζούσας.
1337 3104 1434 3189 φησὶν

262 3193 322 3274 οὖν
336 3229 341 3241 ·
357 3207 397 3275 οὕ
421 3208 576 3297 δεύτερον
598 3210 822 3295 ταυτολογήσω
861 3216 943 3300 περὶ
978 3209 1081 3278 αὐτοῦ
1113 3207 1154 3284 ὦς
1188 3210 1221 3274 οἱ
1255 3208 1360 3276 ἄλλοι.
1394 3201 1434 3273 οὗ

260 3317 367 3401 μόνον
390 3317 427 3384 ἐν
446 3328 515 3393 τοῖς
543 3317 719 3405 Δράμασιν
753 3319 897 3406 εἰσῆκται
929 3315 1030 3393 οὕτως
1057 3317 1248 3406 Εὐριπίδης,
1272 3311 1353 3395 α’λλιὶ
1379 3318 1435 3380 καὶ

262 3425 299 3491 ἐν
322 3431 366 3513 τῷ
389 3423 565 3513 Προάγωνι
588 3429 644 3492 καὶ
668 3426 703 3493 ἐν
725 3435 795 3501 τοῖς
810 3423 1032 3512 Ἀχαρνεῦσιν.

368 3555 433 3620 Pro
456 3550 492 3617 ἐν
515 3560 584 3626 τοῖς
607 3550 770 3640 δράμασιν
802 3556 904 3622 editio
927 3555 1050 3621 Aldina
1074 3556 1174 3621 habet
1197 3550 1233 3617 ἐν
1265 3547 1367 3635 τούτῳ
1390 3554 1437 3636 τῷ

263 3655 418 3743 δράματι.
467 3662 741 3728 Wilamowitzins
771 3664 806 3728 in
837 3664 1072 3729 dissertatione
1110 3662 1284 3727 lectionem
1316 3658 1435 3724 Veneti

263 3766 383 3833 codicis
419 3777 549 3835 secutus
589 3770 649 3835 hoc
699 3789 828 3852 quoqne
874 3770 944 3836 loco
991 3789 1060 3835 earn
1097 3769 1313 3850 comoediam,
1349 3784 1435 3845 qnae

267 3876 421 3940 Dramata
445 3876 498 3941 vel
514 3877 697 3943 Centaurus
721 3879 918 3968 appellatur,
942 3880 982 3944 ab
1000 3876 1219 3957 Aristophane
1243 3875 1337 3957 tangi
1361 3892 1435 3938 con·

263 3982 381 4062 tendit,
403 3992 521 4066 postea
545 3984 578 4049 in
595 3985 715 4051 Hermo
741 3985 786 4071 (9,
800 3991 864 4052 330
878 3987 965 4066 adn.)
990 4004 1029 4050 ea
1053 3984 1220 4050 sententia
1243 3984 1369 4048 reiecta
1393 3980 1435 4044 ad

262 4091 492 4156 Acharnenses
542 4092 643 4158 alindi
694 4080 785 4177 dicit,
834 4112 907 4160 cnm
947 4094 1071 4158 dnobus
1110 4091 1261 4157 versibus
1299 4087 1435 4153 eandem

263 4200 463 4266 comoediam
500 4201 566 4267 dici
604 4204 675 4268 veri
712 4206 819 4271 simile
853 4223 917 4269 non
942 4204 995 4269 sit.
1020 4203 1098 4268 Gnnr
1124 4198 1235 4268 antem
1257 4219 1355 4266 versu
1381 4206 1434 4271 dn.

326 4403 359 4472 ¹⁰)
378 4402 540 4461 Zielinskins
558 4403 575 4457 l.
594 4403 612 4456 1.
632 4420 657 4476 p.
679 4404 730 4461 100
749 4404 861 4463 eandem
880 4400 1042 4457 sententiam
1061 4401 1186 4472 explicat
