3184 4994
632 417 854 482 ..55-

259 617 323 682 Illa
351 615 456 699 igitur
486 615 554 681 tria
584 614 681 694 mala,
714 630 798 694 qnae
829 613 868 677 ad
895 609 1038 680 'mortem
1059 606 1220 696 ferebant,
1238 609 1335 685 erant

155 723 435 807 gladiussrestis,
468 741 629 790 venenum
656 720 709 787 vel
737 738 845 801 rupes.
870 721 922 785 Ad
950 720 1199 787 similitudinem
1216 721 1331 785 horum

153 832 254 897 trium
280 832 435 896 malorum
460 830 525 896 tria
546 830 604 895 illa
639 828 852 894 Theramenis
877 828 1022 893 malain
1048 827 1212 909 proverbii
1237 844 1331 893 usum

156 938 315 1004 abierunt.
341 935 786 1019 Ex-quibhsduoPolyzelus
809 940 899 1000 recte
924 935 1125 1019 pronuntiat,
1151 954 1209 1016 pro
1233 934 1332 999 tertio

155 1050 267 1112 autem
287 1050 419 1127 praeter
439 1043 718 1126 exspectationem
733 1041 948 1122 proditionem
963 1042 1094 1109 navium
1109 1041 1214 1107 ahert.
1239 1039 1333 1124 Quod

155 1171 229 1218 enm
241 1171 306 1217 non
320 1144 485 1217 facturum
509 1151 612 1217 fnisse
630 1149 797 1233 puto,nisi
810 1148 884 1230 quis
898 1148 1109 1216 Atheniensis
1122 1149 1174 1215 vel
1197 1150 1331 1231 trierar-

154 1261 235 1325 chus
269 1259 323 1325 uel
351 1266 485 1340 praetor
501 1277 616 1326 navem
634 1258 784 1323 hostibus
801 1256 1006 1338 prodidisset.
1030 1258 1145 1338 Neque
1159 1256 1330 1339 qnisquam

154 1368 208 1432 hic
233 1385 296 1431 non
321 1366 361 1431 de
383 1366 524 1433 navibus
549 1365 591 1430 ad
614 1362 729 1447 Aegos
750 1365 871 1430 flumen
894 1362 1034 1445 proditis
1063 1365 1188 1447 cogitat
1216 1364 1332 1446 (Koch.

156 1493 186 1554 p.
201 1473 287 1553 791).
312 1473 510 1539 Adimantus
535 1475 621 1539 enim
648 1473 736 1539 solus
760 1491 801 1537 on
814 1472 1022 1554 praetoribus
1034 1472 1294 1538 Atheniensibus
1314 1489 1333 1535 a

156 1580 327 1661 Lysandro
351 1579 546 1646 interfectus
570 1600 634 1646 non
658 1585 718 1647 est.
753 1580 871 1661 Itaque
895 1580 962 1645 hoc
977 1578 1162 1662 fragmento
1175 1577 1331 1644 Meinekii

156 1688 323 1753 sententia
359 1691 603 1771 comprobatur,
641 1687 696 1769 qui
732 1688 766 1752 13
801 1686 1065 1770 Demotyndareo
1102 1686 1212 1769 populi
1256 1692 1332 1768 post

157 1796 295 1878 triginta
331 1795 493 1863 virorum
524 1797 780 1863 dominationem
822 1796 1097 1861 resurrectionem
1133 1795 1330 1861 celebratam

155 1922 228 1971 esse
253 1905 437 1970 arbitratur
460 1904 515 1987 (cf.
540 1904 643 1970 Denis
666 1904 710 1987 Π,
735 1923 765 1985 p.
792 1903 879 1983 312).
1006 1899 1008 1903 ’

261 2011 301 2077 In
336 2012 513 2078 Cothnrnis
548 2011 735 2076 Philonidis
763 2008 995 2093 Theramenes,
1019 2029 1113 2091 quem
1137 2011 1330 2075 cothurnum

156 2117 357 2198 appellatum
381 2136 455 2184 esse
478 2124 617 2200 constat,
644 2134 779 2199 magnas
796 2125 907 2197 partes
923 2118 1032 2198 egisse
1045 2116 1332 2200 videturtssekker

156 2223 280 2289 Anecd.
305 2224 331 2306 I,
357 2244 386 2304 p.
415 2227 487 2308 100,
513 2225 553 2290 Κ.
578 2227 622 2304 6).
659 2223 935 2292 IndeHanowius
959 2224 1089 2306 (linere.
1116 2224 1187 2290 crit.
1210 2231 1250 2305 'p.
1277 2227 1331 2306 19)

156 2337 247 2397 recte
279 2331 410 2415 collegit
448 2333 530 2398 hanc
563 2332 707 2397 fabulam
743 2349 802 2397 nec
837 2336 916 2398 ante
941 2350 1059 2397 annum
1085 2336 1151 2396 410
1176 2351 1234 2397 nec
1258 2340 1333 2414 post

155 2440 282 2505 40513
317 2457 446 2506 menam
482 2440 685 2505 commissam
721 2458 800 2506 esse.
847 2440 984 2506 Praeter
1018 2441 1079 2505 has
1114 2438 1244 2505 fabulas
1268 2458 1332 2504 333

157 2546 258 2612 multo
283 2552 357 2628 post
381 2566 499 2613 annum
525 2553 588 2613 411
616 2553 690 2613 acta
714 2555 765 2613 est
789 2548 939 2614 Platonis
971 2547 1161 2629 Sophistae,
1196 2548 1232 2612 13
1262 2567 1327 2627 qua

155 2654 269 2720 fabula
287 2655 456 2738 Apolenis,
484 2673 569 2720 unus
593 2675 634 2720 ex
658 2654 819 2723 decennis
842 2655 890 2721 rei
916 2656 1067 2737 publicae
1083 2655 1331 2720 constituendae

156 2781 241 2827 anno
276 2768 339 2827 411
378 2764 499 2829 creatis
535 2763 720 2829 nominatur
755 2763 879 2844 (Cobet.
904 2783 934 2845 p.
965 2766 1049 2843 186).
1097 2762 1231 2830 Ultimis
1254 2780 1332 2830 vero

155 2867 235 2934 belli
259 2870 459 2948 temporibus
483 2870 570 2935 circa
594 2870 632 2934 ol.
658 2876 699 2935 93
726 2870 957 2951 Aristophanis
992 2870 1192 2936 Phoenissae
1216 2869 1332 2950 (Koch.

155 2992 186 3057 p.
212 2976 289 3054 533)
315 2983 349 3040 et
372 2975 521 3041 Platonis
545 2979 735 3059 Apparatus
753 2976 869 3055 (Kock.
893 2996 923 3057 p.
948 2982 1023 3059 635,
1049 2977 1152 3042 Cobet
1175 2995 1203 3058 p.
1222 2976 1281 3060 51)
1298 2984 1331 3042 31

157 3081 373 3163 Sannyrionis
397 3084 511 3149 Danae
535 3082 652 3162 (Cobet
687 3104 718 3166 p.
750 3086 807 3166 51)
831 3091 925 3149 actae
948 3093 1033 3150 sunt.

263 3189 333 3254 Iam
381 3191 558 3256 nonnullae
593 3190 727 3257 fabulae
765 3192 858 3257 nobis
894 3193 1194 3258 commemorandae
1242 3198 1329 3278 sunt,

156 3316 293 3379 quarum
318 3304 445 3378 tempus
465 3298 651 3364 accuratius
677 3299 812 3364 delinire
837 3300 1012 3385 nonlicet,
1037 3301 1092 3366 sed
1117 3319 1199 3383 quas
1222 3310 1332 3368 aetate

157 3405 234 3469 belli
269 3404 539 3487 Peloponnesiaci
574 3414 666 3473 actas
690 3425 762 3473 esse
778 3425 818 3472 ex
834 3405 1029 3490 fragmentis
1046 3415 1193 3490 apparet.
1221 3413 1332 3491 Atque

158 3529 199 3576 ex
222 3514 365 3592 priorum
391 3518 559 3594 poetarum
583 3513 707 3580 fabulis
729 3515 938 3581 Pherecratis
961 3515 1111 3597 Fugitivi
1136 3518 1221 3582 bello
1236 3519 1330 3585 Pelo-

158 3620 312 3699 ponnesio
336 3627 410 3686 acta
434 3629 495 3688 est.
533 3620 585 3687 Ad
608 3622 667 3686 hos
683 3622 769 3687 eninr
786 3623 1018 3704 Aristophanis
1032 3624 1328 3709 versus(Pax475)

257 3716 327 3787 οὐδ’
351 3725 418 3790 οἵδε
442 3720 471 3807 γ’
495 3716 602 3792 εἷλκον
627 3722 722 3791 οὐδὲν
745 3722 870 3813 ἁργεῖοι
895 3726 1006 3793 παλαι

260 3823 333 3896 ἄλλ’
356 3822 376 3916 ἢ
399 3836 579 3916 κατεγέλων
602 3837 668 3900 τῶν
690 3836 1017 3922 ταλαιπωρουμένων

262 3939 319 4002 καὶ
341 3943 445 4004 ταῦτα
469 3940 605 4023 διχόθεν
628 3947 912 4029 μισθοφοροῦντες
934 3939 1066 4028 ἄλφιτα.

156 4048 191 4113 13
226 4048 359 4114 scholiis
391 4057 523 4129 praeter
556 4053 633 4137 alia,
669 4071 752 4135 quae
788 4053 937 4133 quoniam
972 4054 1093 4120 nullius
1129 4056 1228 4135 pretii
1252 4066 1330 4122 sunt

156 4159 282 4232 omitto,
305 4157 471 4238 adscripta
494 4167 571 4224 sunt
595 4160 686 4226 haec:

157 4266 237 4350 περὶ
261 4263 296 4329 δὲ
320 4260 474 4351 Ἀργείων
497 4266 553 4328 καὶ
578 4264 786 4352 Φερεκράτης
810 4263 847 4331 ἒν
870 4263 1078 4351 Δῦτομόλοις·

159 4357 249 4436 οὗτοι
274 4368 342 4459 γὰρΙ
356 4366 437 4458 ἡμῖν
461 4370 491 4434 οἱ
508 4376 612 4444 κακῶς
623 4367 849 4454 ἀπολούμενοι
943 4446 947 4450 ,

157 4471 450 4567 ἐπαμφοτερίζονσ’
473 4475 630 4560 ἐμποδών
653 4477 849 4566 καθήμενοι.
