3184 4994
718 428 760 437 --
809 395 940 457 30..

240 587 313 666 ouis
337 593 465 653 amator
489 587 602 653 nolens
625 607 753 654 amores
776 605 852 653 snos
876 587 1007 654 irrideri
1039 607 1059 652 a
1094 606 1130 653 se
1166 586 1351 669 petivisset,
1376 605 1417 652 ne

239 695 299 758 hoc
324 692 459 769 faceret,
483 713 519 760 se
542 695 576 760 id
600 695 751 761 omisisse
775 715 840 761 uon
868 695 936 761 illis
976 696 1177 771 obsecutum,
1219 694 1276 760 sed
1316 693 1417 760 animi

241 800 402 880 pudicitia
426 810 631 884 commotum,
655 822 697 868 ne
721 803 847 868 Musam
872 821 966 869 suam
988 802 1096 868 lonam
1120 800 1247 868 foeteret
1282 801 1417 866 incestis

241 907 407 973 amoribus
443 908 677 974 describendis.
724 909 806 975 Inde
846 910 1010 976 concludit
1049 909 1189 990 Eupolis
1231 908 1345 974 fabula
1383 909 1417 973 in

203 1016 205 1020 ’
239 1015 385 1080 exoletos
424 1017 550 1097 scripta
585 1016 800 1099 Aristophani
839 1018 1008 1094 obiecisse,
1041 1016 1126 1098 quod
1150 1018 1192 1082 ab
1217 1017 1418 1082 amatoribus

239 1128 413 1204 corruptus
439 1142 502 1188 non
526 1124 610 1189 idem
635 1124 769 1191 faceret.
805 1129 852 1190 At
874 1126 934 1191 hos
958 1143 1074 1191 versus
1100 1125 1157 1200 ita,
1194 1131 1231 1190 ut
1267 1124 1419 1190 Wilanro·

240 1230 372 1296 witzius
398 1231 540 1316 volebat,
565 1231 716 1315 intellegi
740 1251 805 1297 non
830 1251 923 1314 posse
947 1232 1010 1298 iam
1036 1231 1207 1297 Luebkius
1231 1232 1278 1313 (p.
1298 1229 1353 1316 38)
1370 1230 1418 1295 ita

240 1338 487 1421 domonstravit,
515 1345 551 1403 nt
575 1338 657 1404 nihil
681 1339 759 1405 mihi
785 1339 967 1406 addendum
994 1339 1153 1404 videatur.
1179 1339 1291 1419 Neque
1309 1349 1416 1403 tamen

238 1463 288 1526 ea,
313 1460 399 1526 qnae
425 1445 697 1512 Wilamowitzius
722 1452 836 1513 contra
860 1447 1043 1528 opinIonenr
1069 1447 1236 1527 vulgarem
1268 1446 1416 1527 protulit,

239 1553 364 1619 nullius
399 1560 477 1618 suut
506 1554 670 1621 momenti.
707 1554 790 1620 Nam
825 1556 887 1620 etsi
925 1572 987 1619 uon
1013 1554 1181 1637 intellego,
1208 1572 1266 1618 cur
1290 1553 1416 1619 Aristo·

238 1662 361 1742 phanes
398 1662 525 1727 ldnsam
563 1664 635 1727 cius
672 1668 797 1744 potitae,
834 1662 889 1743 qni
926 1661 1078 1742 precihus
1114 1662 1272 1728 amatoris
1308 1648 1415 1726 motus

241 1768 365 1833 amasio
391 1776 514 1854 parcat,
540 1771 648 1834 leuant
685 1787 803 1834 vocare
838 1787 901 1834 non
928 1769 1081 1850 potuerit,
1118 1775 1225 1836 tarneu
1262 1788 1303 1834 ne
1339 1768 1416 1833 mihi

239 1866 370 1956 quidem
406 1875 476 1941 veri
511 1876 618 1942 simile
654 1875 784 1943 videtur
820 1876 1072 1959 Aristophanem
1109 1878 1163 1943 hic
1198 1876 1335 1961 gloriari
1382 1894 1417 1942 se

239 1980 362 2048 fabulis
386 1984 455 2049 suis
479 1984 601 2065 pueros
626 1984 741 2050 molles
765 1982 1009 2065 perstrinxisse.

346 2091 422 2171 Ipse
445 2091 523 2156 olim
560 2091 747 2157 Bentleium
770 2098 902 2158 secutus
927 2110 1043 2158 versus
1067 2092 1115 2157 ita
1138 2092 1319 2172 explicavi:
1345 2084 1416 2153 οὐδ’

233 2195 274 2259 -ei'
286 2217 335 2268 τις
350 2193 485 2282 ἐραστὴς
500 2199 732 2285 κωμῳδεῖσθαι
750 2194 881 2278 παιδίχ’
899 2198 1017 2262 ἑαυτοῦ
1033 2195 1191 2262 ἔσπευσεν
1207 2192 1292 2281 πρὸς
1315 2190 1417 2262 αὐτὸν

238 2307 344 2384 μισῶν
368 2296 462 2382 αὐτὰ,
495 2298 608 2369 οὐδενὶ
631 2302 770 2370 πώποτε
805 2304 954 2373 ἐπίθετο.
1002 2307 1065 2373 Sed
1102 2325 1297 2391 quamquam
1335 2307 1416 2371 liaeo

240 2412 407 2478 sententia
431 2433 450 2478 a
473 2415 586 2481 vorbis
612 2414 845 2496 Aristophanis
871 2434 934 2480 uon
956 2416 1123 2496 abhorret,
1139 2421 1247 2481 temen
1265 2414 1413 2481 santiam

240 2539 303 2586 non
329 2523 440 2604 probo,
466 2522 550 2602 quod
576 2523 681 2603 Musa,
707 2541 792 2603 quae
817 2542 952 2603 puerum
972 2523 1099 2588 mollem
1118 2523 1256 2588 amatori
1273 2523 1414 2588 invisum

239 2629 338 2693 ctiam
374 2628 409 2692 in
443 2648 543 2695 scena
578 2630 785 2713 perstringit,
822 2648 964 2695 amorem
1005 2631 1138 2696 illorum
1162 2630 1325 2696 hominnm
1351 2649 1414 2695 uon

239 2737 443 2801 reconciliat.
478 2738 589 2803 herlae
616 2756 690 2803 vcro
714 2750 764 2802 cst
789 2737 952 2803 hominum
970 2738 1109 2804 Veneris
1133 2738 1301 2804 avidorum
1326 2738 1414 2818 cupi·

239 2842 374 2909 ditatetn
400 2845 542 2926 explere.

347 2952 517 3018 httebkius
554 2954 593 3018 do
631 2953 701 3018 loco
737 2954 916 3034 desperans
953 2953 993 3018 ad
1018 2953 1238 3020 coniecturam
1261 2951 1412 3036 confugit

239 3058 399 3123 scribens:

239 3158 311 3230 οὐδ’
335 3165 368 3230 εἴ
380 3187 429 3237 τις
445 3163 579 3251 ἐρασιὴς
602 3169 830 3255 κωμῳδεῖσθαι
852 3161 981 3248 παιδίχ’
1004 3168 1125 3233 ἑαυτοῦ
1148 3168 1252 3248 μισῶν
1276 3152 1436 3230 ἔσπευσεΙ

1193 3269 1278 3360 πρὸς
1301 3269 1411 3359 αὐτόν,

239 3373 298 3444 οὐκ
328 3371 371 3445 ἄν
394 3378 535 3446 πώποτέ
556 3399 636 3469 φησι
659 3388 833 3461 πιθέσθαι,

239 3495 277 3553 ut
301 3492 381 3555 haec
408 3491 477 3556 fere
508 3491 674 3557 sententia
705 3492 839 3558 oriatur.
876 3495 912 3560 Si
953 3482 1104 3574 umquam
1137 3493 1259 3575 adme
1287 3499 1413 3556 aruator

239 3604 458 3682 properasset,
497 3599 531 3663 id
571 3600 657 3679 quod
695 3599 773 3664 milri
813 3601 962 3668 accidere
999 3620 1064 3666 non
1103 3605 1221 3682 potest,
1257 3596 1411 3679 Eupolidi

238 3705 369 3791 accidit,
394 3708 574 3789 obtestans,
612 3716 648 3773 nt
684 3726 854 3788 parcerem
890 3709 1023 3792 amasio,
1062 3707 1211 3790 equidem
1236 3714 1324 3773 certe
1347 3722 1411 3770 non

239 3815 524 3899 obtemperassem,
548 3815 582 3879 id
607 3815 692 3896 quod
717 3815 756 3881 de
781 3816 944 3898 Eupolide
968 3824 1106 3882 constat.
1145 3814 1225 3881 Inde
1249 3812 1410 3880 concludit

238 3920 377 4001 Eupolin
402 3920 520 4001 pueros
544 3922 766 4004 perstringere
788 3925 918 3990 solitum
936 3923 1046 3991 subito
1061 3925 1123 3989 hoc
1137 3942 1227 3989 ruore
1244 3920 1410 3986 destitisse

237 4028 277 4091 ab
318 4035 464 4093 amatore
503 4023 692 4097 emollitum.
754 4029 860 4114 Quam
899 4033 1118 4097 coniecturam
1158 4030 1306 4112 accipere
1346 4047 1410 4093 uon

239 4152 379 4215 possum,
404 4153 509 4215 neque
533 4136 617 4200 enirn
643 4140 745 4203 verba
771 4139 1003 4220 Aristophanis
1028 4157 1085 4220 peu·
1107 4157 1143 4203 se
1167 4155 1265 4221 sensu
1289 4142 1409 4208 carent,

235 4241 294 4306 sed
330 4248 397 4307 tam
435 4261 539 4323 pauca
575 4244 614 4309 de
644 4245 836 4310 comicorum
861 4245 1043 4333 inimicitiis
1067 4246 1160 4310 nohis
1182 4244 1305 4310 tradita
1321 4248 1408 4321 sunt,

239 4356 276 4413 ut
299 4368 338 4414 ea
364 4351 445 4415 hene
469 4351 636 4430 explicaro
658 4371 723 4417 non
747 4353 916 4434 possimus.
955 4353 1006 4418 Ex
1029 4353 1088 4420 tali
1113 4359 1222 4419 antem
1244 4349 1409 4417 loconihil
