3184 4994
306 1276 356 1340 Dc
380 1269 582 1353 temporibus
605 1286 716 1335 earum
741 1268 992 1354 comoediarum,
1011 1286 1093 1349 quae
1110 1267 1224 1348 quinto
1246 1267 1376 1333 saeculo

199 1385 234 1449 in
258 1398 388 1448 socnam
424 1377 615 1445 commissae
651 1381 737 1458 suut,
775 1376 835 1441 hoc
868 1375 940 1441 loco
972 1371 1072 1458 agere
1107 1373 1187 1440 mihi
1211 1375 1376 1456 proposui.

202 1492 316 1568 Neque
340 1485 426 1551 euim
449 1484 566 1550 inutile
600 1482 732 1549 videtur·
763 1488 922 1564 statuere,
948 1484 1028 1563 quid
1051 1484 1092 1549 de
1115 1480 1213 1549 fastis
1245 1482 1378 1549 comicis

201 1596 290 1661 itlius
325 1592 445 1658 aetatis
480 1591 558 1656 sciri
595 1590 709 1672 possit.
754 1591 836 1656 Nam
865 1591 955 1658 viros
979 1591 1092 1657 doctos
1122 1611 1239 1674 parum
1264 1598 1379 1659 cautos

204 1702 304 1768 fuisse
327 1700 361 1764 in
385 1698 588 1781 temporibus
623 1697 819 1765 definiendis
844 1700 996 1765 arbitror.
1043 1703 1153 1780 Atque
1176 1700 1248 1781 ipse
1272 1718 1380 1781 quam·

203 1826 298 1889 quam
322 1806 399 1872 novi
424 1806 509 1871 baud
534 1806 669 1872 multum
694 1806 860 1873 invenisse
885 1807 963 1872 mibi
987 1807 1110 1892 videor,
1135 1814 1243 1873 tamon
1268 1808 1380 1884 timeo,

203 1934 244 1981 ne
282 1913 438 1980 audacior
475 1912 592 1979 fuerim
633 1914 665 1978 iu
707 1912 907 1979 conicienda.
955 1915 1037 1980 Nam
1077 1933 1242 1997 perpauca
1290 1922 1381 1982 certo

204 2020 335 2088 definiri
359 2039 456 2103 posse
478 2021 556 2085 mihi
582 2038 773 2102 persuasum
798 2026 860 2086 est.

289 2128 391 2193 scum
427 2127 467 2192 de
502 2126 634 2209 fabulis,
672 2145 756 2206 quae
792 2134 870 2193 ante
905 2116 1024 2193 annum
1061 2133 1124 2193 431
1162 2135 1257 2196 actae
1292 2136 1380 2216 sunt,

205 2241 340 2318 propter
375 2234 591 2317 exiguitatem
615 2234 754 2300 fontium
778 2235 861 2301 nihil
891 2235 964 2301 fere
988 2236 1066 2301 sciri
1089 2255 1186 2319 posse
1210 2245 1381 2320 appareat,

207 2361 333 2408 summa
360 2343 457 2407 huius
488 2342 732 2408 dissertationis
760 2343 949 2416 versabitur
977 2344 1011 2409 in
1045 2346 1248 2427 temporibus
1272 2364 1384 2412 earum

206 2449 402 2532 fabularum,
429 2468 513 2529 quae
538 2455 648 2515 aetate
672 2450 748 2516 belli
773 2451 1045 2533 Peloponnesiaci
1081 2452 1115 2518 in
1150 2471 1280 2519 scenam
1313 2472 1386 2536 pro·

207 2557 350 2640 dierunt,
374 2555 580 2651 indagandis.

312 2664 382 2729 Iam
419 2663 551 2730 dubium
588 2683 652 2730 uon
688 2673 751 2742 est,
783 2668 861 2747 quin
895 2669 1009 2748 quinto
1044 2669 1176 2736 saeculo
1209 2669 1385 2750 quotannis

208 2776 323 2837 ternae
358 2771 544 2838 comoediae
578 2773 734 2857 Lernaeis,
771 2781 886 2842 ternae
921 2777 1054 2858 Magnis
1085 2777 1256 2860 Dionysiis
1291 2784 1385 2844 actae

211 2876 290 2942 sint.
320 2876 414 2957 Quod
438 2878 466 2943 si
490 2880 689 2964 quaerimus,
707 2900 770 2962 quo
786 2901 871 2948 anno
887 2884 1074 2950 comoediae
1090 2886 1230 2967 primum
1244 2885 1385 2967 publicis

209 2981 395 3062 sumptibus
419 2984 452 3048 in
476 3003 606 3055 scenam
631 2989 822 3055 commissae
845 2992 922 3071 sint,
948 2996 982 3056 et
1005 3010 1046 3057 ex
1069 2993 1264 3058 Aristotelis
1293 2993 1385 3058 testi·

210 3088 317 3154 monio
352 3095 386 3155 et
420 3107 461 3155 ex
497 3091 798 3177 inscriptionibus1)
834 3100 1059 3180 cognoscimus
1095 3100 1155 3165 hoc
1188 3118 1252 3165 non
1281 3099 1384 3165 multo

210 3202 289 3262 ante
324 3214 444 3263 aunum
476 3203 542 3263 458
578 3199 700 3267 factum
734 3222 817 3270 esse.
863 3207 973 3286 Atque
996 3206 1076 3272 mihi
1100 3207 1228 3287 quidem
1253 3225 1385 3288 persua·

211 3324 283 3370 sum
300 3313 352 3369 est
373 3309 407 3369 et
422 3304 592 3389 Dionysiis
617 3317 651 3375 et
674 3310 814 3377 Leuacis
837 3332 878 3378 cx
901 3314 1012 3379 eodem
1036 3320 1182 3395 tempore
1202 3314 1385 3380 comoedias

210 3411 349 3492 publicis
381 3415 566 3493 sumptibus
613 3424 705 3485 actas
752 3439 832 3505 csse,
871 3440 1075 3503 ,quamquam
1122 3421 1286 3504 Bergkius
1322 3423 1384 3488 Ru.

210 3519 292 3584 MUS-
318 3524 371 3600 34,
396 3538 423 3600 b·
450 3539 511 3599 301
538 3552 607 3614 sqq.
632 3529 802 3598 contendit
826 3530 866 3596 ad
889 3530 1051 3617 Dionysia
1074 3531 1181 3596 serius
1202 3530 1386 3597 comoedias

153 3705 156 3713 .
211 3642 371 3709 admissas
390 3661 469 3709 esse
494 3642 603 3707 causis
626 3639 755 3704 idoneis
771 3657 836 3703 non
859 3639 1011 3719 allatis).
1036 3637 1213 3721 Quaeritur
1229 3638 1385 3720 tanqu

213 3754 327 3828 poetae
351 3748 522 3816 illas-fere
546 3748 702 3814 ducentas
727 3746 919 3828 conuoodias,
945 3763 1026 3825 quas
1050 3750 1127 3811 anto
1151 3746 1273 3812 bellum
1294 3747 1386 3812 Pelo·

190 3873 424 3885 ,uq—

281 3924 301 3987 ¹)
321 3924 427 3978 Aristot
445 3926 605 3996 Pobt‚5auc¹
625 3920 680 3999 γὰρ
700 3919 785 3999 χορὸν
803 3920 955 3997 κωμῳδιῶν
974 3908 1096 3989 ὅψέποτε
1121 3914 1136 3974 ὅ
1160 3918 1256 3998 ἄρχων
1284 3923 1387 3980 ἔδωκεν

319 4011 456 4069 θέκεῖθεν
477 4014 518 4080 (ἐκ
533 4016 673 4079 Σικελίας)
694 4008 748 4090 γὰρ
764 4000 797 4084 ἦν
806 4000 978 4087 Ἐπίχαρμος
995 4003 1010 4066 o‘
1024 4005 1139 4085 ποιητής
1151 4012 1241 4086 πολλῷ
1253 4007 1386 4087 πρότερος

320 4098 358 4157 ὧν
377 4106 515 4159 Χιωνίδου
535 4108 581 4159 καὶ
599 4098 761 4177 Μάγνητος.
780 4101 810 4158 O.
819 4102 845 4158 J.
856 4105 889 4157 A.
908 4102 995 4158 971a
1025 4100 1058 4155 cf.
1079 4102 1186 4157 Mulier:
1215 4102 1265 4157 Die
1284 4102 1387 4172 grieoh.

319 4192 594 4247 Bdhuenaltortdmer
612 4210 638 4261 p.
657 4195 718 4262 313,
737 4193 799 4248 314.

275 4281 297 4349 ²)
315 4281 465 4336 Koehlerus
475 4296 534 4335 eam
544 4282 744 4350 inscriptionem
759 4282 1013 4355 (cuneumque
1023 4284 1136 4353 Magnes
1148 4299 1203 4338 una
1213 4299 1272 4338 cum
1286 4283 1388 4338 Pericle

319 4377 347 4425 et
366 4371 498 4439 Aeschylo
517 4380 748 4439 commemoratur,
767 4373 802 4427 ad
820 4372 950 4441 Dionysia
968 4374 1103 4441 pertinere
1121 4373 1326 4430 demonstravit.
