3184 4994
705 389 928 451 ‚g-

234 580 466 662 ponnesiacnm
502 586 594 650 actas
628 600 701 649 osse
735 583 989 650 ratiocinatione
1022 581 1193 664 efficimus,
1218 584 1252 650 in
1276 604 1406 653 scenam

233 688 464 780 commiserint.
511 690 625 779 Neque
652 690 745 779 ,eninr
781 710 922 773 magnus
958 709 1112 758 numerus
1146 698 1325 780 poetarum,
1351 696 1406 777 qui

182 834 184 838 ν
232 796 300 863 illis
323 799 529 880 temporibus
557 787 747 880 docuerint,
777 800 871 864 nobis
902 804 1000 866 notus
1028 806 1089 865 est.
1135 799 1274 880 Aliquot
1298 809 1406 868 antem

233 905 364 971 nornine
387 911 555 986 poetarum
581 922 644 969 uon
671 904 763 970 modo
788 905 985 987 scriptorum
1002 904 1208 991 testimoniis,
1232 909 1290 973 sed
1307 910 1406 976 etiam

231 1012 505 1094 inscriptionibus
540 1017 675 1079 servata
710 1017 796 1077 sunt.
843 1013 881 1077 ln
907 1012 954 1081 eis
973 995 1063 1078 'enim
1088 1012 1294 1095 fragmentis,
1320 1035 1405 1097 qnae

231 1139 317 1186 anno
345 1125 429 1186 1878
452 1138 522 1201 sqq.
547 1138 647 1202 prope
670 1138 776 1185 arcem
808 1121 1059 1186 Atheniensium
1084 1120 1222 1187 inventa
1250 1130 1340 1200 sunt,
1372 1131 1406 1190 et

232 1229 430 1295 leuticorum
459 1234 493 1293 et
518 1230 715 1294 urbanarum
732 1228 944 1294 victoriarum
960 1228 1085 1295 indices
1100 1230 1205 1295 latere
1224 1230 1404 1298 Koeblerns

231 1338 386 1421 cognovit
409 1336 457 1421 (C.
481 1337 513 1402 J.
536 1335 620 1416 All,
648 1342 677 1418 2,
704 1334 793 1421 977).
840 1336 891 1401 Ex
927 1337 977 1402 his
1013 1335 1210 1419 fragmentis
1239 1337 1289 1423 id,
1317 1339 1402 1420 quod

231 1445 414 1511 Koeblerus
439 1444 541 1525 primo
573 1445 647 1508 loco
672 1443 793 1525 posuit,
819 1445 861 1508 ad
881 1450 1026 1509 nostram
1053 1462 1182 1509 oausam
1207 1447 1326 1510 summi
1352 1454 1403 1512 est

231 1553 396 1619 momenti.
443 1553 506 1617 Est
530 1568 549 1616 a
573 1550 679 1616 tribus
702 1552 852 1632 partibus
876 1550 1076 1637 fractum,a
1111 1559 1204 1633 parte
1236 1554 1405 1635 superiore
1443 1554 1447 1561 ’
1485 1588 1488 1594 ¹

229 1642 406 1743 cymatium
430 1664 552 1740 servat,
578 1657 707 1722 initium
732 1659 822 1740 capit
845 1661 887 1725 ab
912 1660 962 1724 his
992 1658 1126 1726 litteris.

229 1769 472 1832 Α...ΙὨΝ

296 1877 362 1938 ΩΝ

228 1987 485 2047 Ennomon

227 2092 376 2157 Litterae
400 2093 427 2157 A
452 2092 485 2156 in
511 2093 616 2173 primo
641 2092 727 2157 etl}
762 2092 795 2156 in
831 2092 930 2157 tertio
965 2110 1066 2158 versu
1092 2097 1184 2157 ,sunt
1218 2091 1397 2156 mutilatae.

228 2198 416 2279 Sequuntur
438 2200 553 2266 deinde
577 2201 656 2266 haec
679 2199 811 2265 nomina
835 2200 1026 2265 comicorum
1053 2218 1124 2265 cnm
1149 2200 1308 2265 numeris:

657 2307 874 2393 Τηλεκλείδης
898 2312 933 2370 Il

655 2406 888 2500 Ἀριστομένης
912 2411 926 2501 ΙΙ

652 2526 811 2607 Κρατῖνος
835 2519 857 2609 il}

656 2626 863 2716 Φερεκράτης
888 2627 901 2716 Η

645 2728 839 2821 Ἕρμιππος
863 2732 894 2823 ΙΙΙΙ

623 2924 625 2929 y
653 2840 816 2930 Φρύνιχος
840 2843 853 2932 Η

492 2948 495 2952 “
613 2940 615 2947 ’
652 2949 823 3037 Μύρτιλος
847 2950 851 3038 Ι

650 3055 720 3145 (Ei)
733 3060 832 3131 πολις
860 3058 894 3148 m

223 3170 273 3234 Ex
297 3168 414 3251 primis
437 3169 598 3253 versibus,
623 3170 742 3251 quibus
766 3170 883 3236 titulus
909 3156 1006 3236 innius
1022 3171 1140 3236 indicis
1156 3167 1392 3249 continebatur,

222 3294 346 3358 paucae
371 3277 503 3342 litterae
526 3284 730 3359 suspersnnt.
777 3277 935 3357 Sequitur
958 3293 1076 3344 nomen*
1097 3274 1285 3357 Xenophili,
1308 3273 1392 3354 quod

221 3384 320 3466 plane
344 3386 490 3465 ignotum
516 3392 576 3451 ost.
621 3384 729 3467 Quare
753 3385 918 3467 Bergkius
943 3393 980 3451 ut
1002 3392 1129 3464 tempus
1152 3381 1254 3448 totins
1277 3381 1394 3446 indicis

222 3489 366 3576 deliniat,
391 3492 433 3557 ad
455 3491 586 3559 nomine
609 3491 782 3574 Eupolidis
807 3500 841 3557 et
864 3493 989 3558 Cratini
1013 3491 1233 3575 progreditur.
1258 3488 1395 3572 Eupolis

221 3604 332 3677 antem
367 3599 544 3666 secundum
569 3619 662 3666 anon.
699 3601 739 3666 de
775 3620 853 3666 com.
888 3601 1007 3667 XXIX
1041 3620 1126 3666 anno
1162 3620 1181 3665 a
1216 3599 1283 3664 cbr.
1326 3601 1392 3661 429

220 3697 350 3772 fabulas
384 3708 501 3774 docere
533 3708 642 3791 coepit
677 3715 776 3790 atque
816 3711 914 3790 paulo
957 3715 1031 3791 post
1076 3706 1218 3773 fortasse
1254 3705 1393 3787 primum

220 3815 310 3881 vicit.
345 3816 527 3882 Antaeum
553 3816 671 3898 viginti
696 3815 854 3882 victoriae
878 3822 1121 3899 enumerantur,
1150 3832 1286 3895 quarum
1316 3833 1394 3878 non·

220 3924 331 3989 nullae
375 3930 448 4003 post
467 3922 621 4005 'primam
662 3924 769 4007 ipsius
804 3931 921 4005 partae
960 3942 1031 3990 esse
1077 3928 1217 4005 possunt
1284 3922 1392 4005 Quare

219 4030 385 4113 Bergkius
408 4031 539 4135 initium
562 4032 661 4098 huius
678 4033 791 4099 indicis
808 4035 902 4116 ponit
918 4033 1005 4097 circa
1021 4051 1141 4098 annurn
1160 4050 1187 4095 a.
1204 4032 1272 4096 chr.
1288 4029 1392 4096 443³t

283 4209 303 4278 3)
322 4208 397 4262 Idem
425 4224 458 4262 ex
476 4207 580 4262 Cratini
609 4210 715 4263 nomine
743 4209 887 4264 concludit.
924 4209 976 4264 Sed
1003 4224 1044 4278 eu,
1063 4224 1132 4277 quae
1164 4223 1243 4262 anon.
1271 4207 1393 4275 (Diibner

325 4315 350 4366 p.
370 4299 443 4368 XIV,
454 4299 506 4367 111,
516 4300 563 4370 26)
577 4299 609 4353 de
620 4300 724 4354 Cratini
742 4300 829 4368 primu
848 4301 963 4354 victoria
982 4300 1078 4369 tradit,
1101 4300 1169 4354 satis
1188 4298 1301 4379 obseram
1319 4313 1392 4352 sunt.

323 4391 442 4446 Exstant
460 4391 530 4444 enim
550 4390 621 4459 apud
650 4405 728 4446 anon.
757 4390 823 4444 boec
853 4389 961 4444 verber
979 4394 1143 4463 „Kpcrlroc
1168 4378 1310 4461 Ἀθηναῖος
1330 4389 1393 4460 νικᾷ
