3184 4994
743 408 795 423 ⁷-
839 383 884 443 aa
930 415 967 424 -

274 572 398 639 tradita
422 579 510 656 sunt,
536 573 645 655 potius
679 574 714 640 id
737 574 808 640 fieri
834 576 980 656 potuisse
1003 577 1179 659 colligitur.
1226 580 1340 662 Neque
1365 584 1451 650 enim

273 690 311 749 ut
336 689 450 765 poetae
475 683 531 748 sed
556 689 593 750 ut
624 678 897 766 χοροδιδάσκαλοι
921 685 954 765 ii,
980 687 1035 765 qui
1061 685 1205 751 saboiam
1236 688 1450 780 scripserant,

272 793 405 857 chorum
431 793 596 873 petebant.
618 792 771 856 «Peracto
795 803 905 857 autern
928 792 1110 861 certamino
1135 813 1199 859 non
1224 794 1264 861 de
1281 803 1450 877 poetarum

271 899 440 982 facultate,
466 899 524 964 sed
560 898 601 963 de
617 983 620 989 1
636 888 726 964 chori
751 899 879 965 virtute
903 899 1058 965 iudicium
1082 899 1262 968 ferebatur.
1309 905 1391 971 Nam
1416 909 1450 973 in

270 1006 469 1090 fragmentis
492 1005 700 1071 didascalicis
727 1025 789 1070 uon
814 1007 971 1099 habemus
1005 1000 1023 1068 ὅ
1059 1007 1151 1073 δεῖνα
1186 1004 1309 1087 ἐποίει,
1345 1009 1447 1078 sedi

270 1116 361 1179 deire
407 1110 575 1177 ἐδίδασκεν
639 1113 818 1179 Archontis
855 1095 957 1197 igitur
992 1134 1055 1179 non
1093 1116 1227 1181 nruitum
1277 1119 1444 1206 intererat,

270 1225 344 1305 quis
379 1222 576 1289 comoediam
611 1221 809 1303 scripsisset.
859 1218 984 1288 Chorus
1019 1223 1125 1304 igitur
1156 1224 1370 1291 aPhiionide
1394 1228 1443 1292 in-

269 1336 416 1398 structus
452 1348 523 1396 cum
560 1329 793 1410 Aristophanis
828 1330 925 1394 choro
958 1335 1086 1395 certare
1127 1338 1268 1414 poterat,
1314 1335 1442 1400 etiarnsi

271 1448 407 1520 utraque
431 1436 598 1504 comoedia
623 1439 663 1502 ab
689 1434 911 1520 Aristophane
934 1437 1060 1517 scripta
1083 1446 1164 1504 erat.
1196 1440 1322 1524 Quarto
1334 1451 1444 1509 autem

269 1547 398 1613 saeculo
423 1548 523 1612 etiarn
548 1545 729 1626 complures
753 1546 868 1610 choros
892 1537 933 1609 s'b
958 1546 1068 1611 eodem
1088 1546 1246 1629 magistro
1262 1547 1447 1617 instructos

269 1672 340 1720 esse
365 1672 466 1734 supra
489 1639 644 1721 uidimus.

373 1764 422 1827 Ac
456 1766 565 1826 tamen
602 1758 743 1828 tortasse
778 1760 962 1829 Leenmeno
995 1761 1259 1843 adstipulandum
1296 1773 1379 1843 erat,
1416 1766 1445 1830 si

270 1871 336 1936 ulio
360 1874 557 1952 argumento
589 1869 762 1961 probasset
792 1854 962 1947 Eupoiidis
992 1869 1099 1935 Urbes
1123 1870 1185 1935 nisi
1211 1889 1294 1936 auno
1318 1876 1383 1937 422
1408 1872 1441 1937 in

269 1997 399 2043 scenam
437 1976 596 2042 committi
633 1994 694 2040 non
733 1975 887 2055 potuisse.
935 1974 1137 2056 Quamquam
1171 1978 1339 2043 etiamtum
1374 1980 1462 2047 Eur

270 2084 390 2166 polidis
414 2082 559 2150 fabulam
586 2083 693 2164 potius
718 2082 865 2149 eiusdem
891 2083 967 2148 anni
992 2084 1124 2166 Magnis
1148 2083 1314 2165 Dionysiis
1344 2088 1441 2152 attri-

269 2195 379 2266 buere,
404 2210 501 2273 quarn
526 2198 756 2273 argumentum
781 2192 965 2271 vesparum
990 2202 1178 2273 corruptum
1203 2192 1303 2264 etiam
1337 2193 1443 2275 magis

269 2318 478 2382 eorrumpere
502 2298 640 2365 mahein.
687 2299 769 2364 Nam
793 2298 828 2363 in
863 2298 915 2381 iis,
952 2317 1037 2379 quae
1070 2318 1134 2364 van
1155 2300 1321 2366 Leeuweu
1346 2300 1446 2366 scribi

269 2409 384 2492 voluit,
418 2393 625 2474 desideratur
649 2424 763 2471 nomen
789 2405 853 2472 diei
877 2405 966 2490 festi,
991 2425 1053 2486 quo
1078 2407 1245 2472 comoedia
1277 2414 1354 2474 acta
1385 2417 1446 2490 est,

269 2534 375 2598 neque
399 2516 530 2597 dicitur,
555 2520 648 2595 quem
674 2514 778 2579 iocum
803 2513 1117 2596 poetaoutinuerit.
1153 2513 1275 2581 Contra
1298 2516 1445 2583 eiusdem

270 2623 347 2688 anni
382 2622 525 2688 Lenaeis
567 2620 768 2686 Philonidem
814 2620 990 2686 Praeiudio
1038 2621 1160 2687 vicisse
1207 2623 1446 2706 cognoscimus.

374 2749 442 2814 Iam
479 2754 619 2831 apparet
653 2748 687 2812 in
724 2754 870 2827 temporo
905 2748 1029 2812 tradito
1052 2747 1293 2813 comoediarum
1317 2749 1448 2816 Aristo·

268 2857 386 2939 phanis
422 2856 503 2921 nihil
539 2856 728 2921 mutandum
765 2873 845 2922 esse.
894 2856 945 2921 Ad
981 2863 1129 2937 tempora
1162 2861 1351 2921 ceterarum
1375 2858 1446 2923 eius

270 2965 390 3030 aetatis
426 2963 613 3029 fabularum
649 2963 745 3028 huius
782 2969 896 3043 poetae
930 2962 1120 3045 indaganda
1148 2952 1265 3029 sumini
1289 2964 1442 3028 momenti

270 3078 320 3137 est
344 3072 524 3153 vesparum
549 3071 729 3154 parabasis,
756 3070 795 3135 de
819 3088 883 3151 qua
907 3072 966 3135 hoc
990 3070 1062 3135 ioeo
1079 3071 1265 3137 accuratius
1281 3070 1440 3152 agendum

270 3179 344 3245 erit.
964 3234 967 3239 ,

374 3291 484 3367 Atque
508 3286 648 3369 primunr
673 3286 714 3352 de
746 3288 852 3352 altera
875 3287 945 3352 eius
970 3287 1142 3366 poarabasis
1165 3290 1258 3368 parto
1281 3282 1440 3367 dieamus,

269 3396 303 3461 in
329 3414 393 3476 qua
418 3395 656 3477 Aristophanes
692 3412 748 3459 eas
781 3394 964 3460 comoedias
1000 3399 1240 3473 commemorat,
1263 3409 1345 3471 quas
1368 3390 1443 3472 ipse

270 3523 355 3570 anno
379 3508 445 3569 423
471 3505 504 3569 in
528 3522 658 3570 scenam
684 3503 853 3568 commisit.

375 3610 505 3695 Itaque,
529 3620 702 3695 postquam
728 3611 813 3676 dixit
836 3628 872 3677 se
888 3611 1038 3677 Cleonem
1063 3627 1255 3691 aggressum
1273 3626 1346 3674 esse
1367 3626 1445 3672 nee·

270 3723 344 3787 dunr
371 3719 509 3786 desiisse
533 3739 604 3785 cum
629 3739 668 3786 eo
692 3738 851 3804 pugnare,
875 3721 925 3784 ita
947 3718 1074 3801 pergit:

272 3835 356 3895 1037
419 3849 423 3852 ’
612 3852 615 3861 ’
733 3830 868 3912 phetora
891 3821 965 3906 μετ’
988 3820 1137 3905 atreum)

323 4025 355 4092 ¹⁰)
373 4039 421 4092 pro
440 4011 523 4078 οὗτοῦ
540 4023 568 4074 in
588 4038 667 4076 versu
688 4023 755 4077 1057
775 4022 914 4076 Bentleius
934 4010 1016 4076 αὖτόν
1029 4021 1145 4088 scripsit,
1165 4033 1245 4086 quarn
1260 4015 1443 4069 coniecturam

376 4114 511 4182 Bergkius
530 4128 584 4166 non
602 4111 987 4180 probatquod'iniinerariis,
1007 4127 1086 4178 quam
1106 4109 1226 4163 fabulam
1239 4107 1282 4160 hic
1294 4101 1443 4171 significari

375 4209 466 4274 putot,
495 4205 577 4259 etiam
596 4202 659 4257 Cleo
678 4203 702 4256 ei
729 4203 824 4256 irrisus
843 4217 900 4257 esse
919 4201 1046 4270 videtur;
1066 4200 1133 4254 mihi
1152 4196 1266 4254 Bentleii
1285 4191 1444 4246 coniectura

376 4301 452 4350 certa
469 4295 585 4363 videtur,
606 4301 637 4347 ut
655 4299 749 4362 postea
767 4291 916 4360 apparebit.

377 4387 445 4444 1044
466 4376 551 4459 αὐτὴν
569 4401 617 4453 pro
637 4372 719 4440 οὖιὸν
739 4383 884 4452 Heekerus,
904 4383 974 4451 quod
993 4381 1083 4450 probo.
