3184 4994
625 380 848 441 ..97-

152 577 344 641 Dramatum
380 574 577 639 mentionem
612 572 684 638 fieri
727 590 789 638 non
834 589 930 652 posse
963 569 1152 652 viderimus,
1214 569 1330 636 Veneti

153 682 274 748 codicis
298 681 396 747 lectio
420 681 575 749 mutanda
598 697 663 747 non
689 678 833 746 videtur·

260 790 339 854 Nam
366 789 466 855 facile
490 788 640 868 intellegi
665 792 774 868 potest
797 788 838 851 ab
862 785 993 851 homine
1018 784 1178 850 historiae
1203 784 1329 850 veteris

154 896 337 964 comoediae
372 897 489 978 ignaro
522 914 563 960 er
598 893 709 960 verbis
733 889 769 956 ἐν
789 900 856 964 τοῖς
884 888 1058 976 Δράμασιν
1094 890 1218 959 factum
1255 910 1328 959 esse

151 998 315 1088 ἐντούτῳ
338 1005 385 1087 τῷ
406 998 565 1086 deducam
589 1021 629 1067 ex
652 1002 714 1068 hoc
738 1019 815 1068 voro
838 1000 919 1067 illud
946 1007 1059 1067 natum
1083 1018 1157 1066 esse
1181 999 1238 1066 vix
1261 1018 1329 1066 cre·

154 1112 256 1178 dibile
280 1116 342 1177 est.
1071 1166 1074 1175 .

259 1218 324 1285 Sed
361 1217 437 1298 quid
473 1217 549 1282 inde
586 1217 773 1285 lucramur?
807 1218 910 1283 Recte
937 1215 1210 1283 Wilumowitzios
1235 1214 1328 1297 (diss.

150 1347 180 1409 p.
224 1331 274 1406 14)
316 1325 369 1390 hic
407 1325 534 1390 scholia
572 1325 716 1404 optimae
753 1330 863 1401 notae,
903 1341 988 1404 quae
1023 1323 1064 1389 ed
1089 1321 1265 1405 Didymum
1294 1329 1327 1388 et

152 1432 394 1499 Alexandrinos
418 1431 578 1517 redirent,
603 1451 676 1498 oum
700 1432 821 1499 talibus
846 1432 1008 1514 permixta
1032 1448 1104 1499 esse
1128 1429 1218 1514 dicit,
1244 1448 1328 1512 qnae

150 1539 384 1623 grammaticus
421 1539 614 1606 recentioris
664 1539 784 1605 aetatis
829 1539 1019 1621 scripsisset
1064 1556 1143 1605 usus
1184 1538 1326 1622 integris

149 1648 272 1714 fabulis
296 1647 354 1732 eis,
380 1666 460 1730 ornas
484 1666 546 1714 nos
566 1666 693 1729 quoque
718 1648 881 1714 hahemus.
923 1648 1003 1712 Nam
1020 1647 1061 1728 is,
1079 1645 1134 1729 qui
1153 1647 1325 1712 historiam

149 1756 334 1822 comoediae
370 1756 562 1837 diligentins
607 1763 828 1838 perspexerat,
872 1754 1230 1838 Thesmophoriazusas
1272 1756 1326 1821 hic

147 1882 400 1929 commemorare
435 1884 499 1930 non
535 1870 674 1946 poterut.
722 1868 870 1945 Apparet
895 1871 1004 1931 autem
1028 1866 1130 1930 verba
1151 1854 1191 1925 cd
1213 1858 1326 1944 μόνον

145 1979 208 2038 etc.
233 1990 296 2037 oon
321 1973 362 2036 ab
387 1971 501 2038 eodem
525 1973 649 2054 scripta
666 1990 747 2055 esse,
773 1974 828 2052 qui
845 1972 976 2038 initium
993 1971 1108 2038 scholii
1133 1972 1324 2052 composuit.

255 2082 300 2144 At
324 2079 363 2164 is⁷
389 2079 445 2159 qui
470 2078 609 2145 alteram
635 2078 731 2145 huius
755 2079 871 2144 scholii
897 2086 1022 2160 partem
1054 2078 1204 2162 scripsit,
1241 2078 1324 2144 nihil

147 2184 227 2250 dicit
249 2186 311 2251 nisi
337 2185 505 2252 Dramatis
522 2186 715 2267 Euripidem
738 2187 929 2252 vellicatnm
954 2204 1045 2264 esse3
1072 2185 1324 2269 Aristophanem

148 2293 208 2357 hoc
232 2294 305 2359 loco
328 2294 487 2360 Dramata
518 2293 703 2374 respexisse
726 2301 784 2360 ant
808 2294 892 2359 hanc
916 2291 1061 2359 fabulam
1085 2300 1165 2359 ante
1197 2293 1324 2375 Vespaa

147 2400 182 2466 in
206 2419 335 2467 scenam
360 2402 564 2468 commissam
589 2420 661 2468 esse
674 2420 715 2467 ex
733 2401 843 2468 verbis
859 2401 930 2468 eius
947 2401 1095 2467 concludi
1119 2419 1182 2465 uon
1202 2408 1322 2483 potest.

253 2510 369 2592 Itaque
406 2509 555 2575 Kookius
591 2511 671 2579 haec
704 2510 746 2574 ad
771 2510 929 2575 Dramata
952 2511 1008 2574 vel
1032 2498 1170 2575 Niohnm
1196 2507 1323 2574 referre

145 2636 208 2682 rmn
232 2617 409 2700 dubitavit,
446 2636 542 2697 qoam
578 2616 724 2689 fabulam
760 2618 861 2682 munito
897 2623 971 2698 post
1001 2623 1109 2683 actam
1142 2635 1216 2683 esse
1240 2617 1323 2683 Hor·

146 2724 254 2789 manni
278 2724 465 2791 coniectura
488 2724 580 2792 nisus
603 2726 780 2791 contendit.
827 2725 896 2791 Nec
920 2731 1031 2790 tamen
1056 2731 1120 2791 tam
1157 2727 1259 2791 multu
1282 2726 1323 2791 de

146 2830 315 2897 Dramatis
351 2832 403 2899 vel
439 2833 601 2899 Centauro
637 2834 768 2918 scimus,
808 2840 842 2899 ut
872 2833 907 2898 in
930 2851 969 2898 ea
993 2830 1107 2898 fabula
1131 2833 1320 2914 Euripidem

146 2936 280 3003 irrisum
304 2957 367 3003 non
393 2958 466 3005 esse
490 2947 661 3022 procerte
686 2939 851 3006 affirmare
869 2940 1045 3021 possimus.
1092 2941 1185 3006 Haec
1209 2947 1320 3007 autem

145 3042 261 3110 fabula
296 3052 372 3111 ante
407 3048 534 3128 Vespas
571 3048 667 3114 docta
702 3066 774 3113 esse
810 3055 925 3128 potest.
974 3048 1087 3128 Neque
1120 3054 1228 3113 tamen
1253 3050 1321 3114 ullo

144 3151 331 3236 fragmento
356 3154 485 3235 probari
510 3160 621 3236 potest
646 3174 716 3220 eam
743 3173 778 3220 re
802 3142 883 3220 vera
899 3162 1109 3222 anteannum
1135 3162 1317 3221 salectam

144 3279 225 3328 esse.
273 3261 391 3329 Omnia
414 3262 520 3346 igitur
544 3262 682 3327 obscura
706 3270 792 3328 sont.
822 3298 823 3301 π

251 3390 356 3455 Plane
369 3389 530 3456 diversam
548 3389 747 3456 sententiam
763 3390 918 3472 proponit
929 3390 1131 3457 Zielinskins
1145 3394 1188 3472 (p.
1203 3397 1244 3455 99
1257 3392 1319 3475 sq.)

145 3496 200 3576 qui
225 3516 297 3563 cum
331 3497 573 3564 demonstrasse
605 3496 667 3563 sibi
694 3499 846 3565 videatur
870 3518 936 3580 eas,
962 3518 1044 3581 quas
1067 3518 1127 3565 nos
1151 3500 1317 3584 habemus,

144 3602 498 3687 Thesmophoriazusas
535 3613 754 3673 rectractatas
788 3625 880 3690 esse,
916 3608 976 3672 huo
1012 3604 1134 3673 scholio
1169 3607 1318 3674 evincere

144 3710 255 3774 studet
277 3712 415 3797 primum
439 3714 537 3781 huius
560 3714 746 3781 comoediae
769 3714 944 3781 editionem
969 3714 1032 3796 vel,
1058 3720 1095 3779 nt
1123 3715 1194 3796 ipse
1226 3715 1315 3801 dicit,

143 3816 358 3898 Calligeniam
383 3839 480 3889 versu
506 3828 544 3887 ol
572 3823 613 3887 ah
648 3822 870 3904 Aristophane
909 3821 1087 3905 significari
1123 3829 1158 3887 et
1181 3822 1315 3888 eandem

143 3922 288 3989 fabulam
312 3944 383 3992 esse
406 3935 505 4009 atquc
529 3930 689 3995 Dramatu
712 3928 764 3996 vel
789 3929 996 3995 Centaurum.
1031 3931 1077 3995 At
1101 3929 1230 3995 etiamsi
1247 3948 1314 4014 eas,

142 4049 223 4111 quas
257 4050 315 4097 nes
346 4033 502 4100 habemus
533 4036 890 4118 Thesmophoriazusas
921 4038 1061 4103 alterum
1094 4036 1226 4102 fabulae
1249 4037 1315 4102 edi·

142 4138 264 4204 tionem
299 4158 372 4205 esso
407 4141 668 4224 concederemus,
706 4152 813 4210 tamen
850 4142 969 4209 iudicio
999 4143 1135 4210 eiusde
1169 4150 1316 4226 tempore

142 4245 239 4312 huius
263 4244 395 4314 fabulae
420 4249 620 4330 adstipulari
643 4271 706 4317 non
732 4260 928 4334 poteramus.

245 4355 329 4422 Tota
363 4357 448 4424 enim
486 4357 557 4423 eins
597 4360 839 4441 argumentatio
864 4360 923 4428 hoc
948 4377 1011 4427 runo
1037 4357 1165 4455 scholio>
1186 4358 1314 4429 nititur.
