3184 4994
681 391 903 454 ...12-

314 583 436 650 Primis
471 584 546 650 balli
584 584 854 667 Peloponnesiaci
877 585 974 651 annis
1008 586 1179 669 Hermippi
1203 588 1326 653 Parcas
1350 592 1385 653 et

207 690 373 775 Militem),
409 691 535 758 Cratini
571 692 725 760 Nemesin
752 698 845 759 actas
868 711 939 760 esse
964 694 1034 760 iere
1058 713 1169 761 omnes
1192 694 1385 762 concedunt.

314 799 393 864 Cum
417 805 528 866 sutem
552 799 695 866 Pericles
711 799 746 865 in
762 799 887 866 Cratini
905 800 1017 866 fabula
1032 801 1055 868 J
1059 801 1190 884 uppiter
1205 801 1384 884 hospitalis

209 906 394 989 appellatus
427 906 482 993 sit,
519 906 794 974 Wilomowitzius
828 908 870 990 (p.
896 911 951 988 29)
985 913 1076 975 recte
1106 927 1178 975 eam
1209 928 1294 975 anno
1317 914 1383 976 429

209 1020 316 1093 actam
330 1023 412 1082 'esse
435 1022 558 1083 censet
603 1016 717 1098 Neque
752 1015 837 1081 enim
874 1018 962 1082 male
985 1015 1183 1083 Zuendelins
1208 1017 1320 1097 (Mein.
1344 1019 1384 1102 V,

209 1143 239 1207 p.
262 1122 427 1208 XXXVI)
451 1123 592 1190 coniecit
615 1123 774 1190 Periclem
799 1125 849 1190 itu
871 1125 1073 1190 nominatum
1097 1142 1179 1209 esse,
1204 1124 1290 1206 quod
1312 1132 1386 1207 post

210 1237 346 1298 mortem
368 1231 510 1297 filiorum
534 1231 755 1314 legitimorum
778 1232 868 1297 iilam
893 1232 934 1298 dc
957 1232 1094 1300 civitate
1119 1232 1222 1316 legem
1239 1232 1384 1299 tulisset.

209 1343 275 1405 430
299 1338 387 1405 Plut.
412 1338 530 1419 Pericl.
555 1343 643 1419 37⁹).

314 1445 438 1512 Eodem
462 1465 547 1513 anno
580 1446 773 1529 Eupolidem
797 1452 831 1513 et
860 1447 1082 1530 Phrynichum
1106 1447 1254 1514 docuisse
1281 1448 1386 1513 Anon.

211 1555 252 1621 de
274 1572 353 1620 com
378 1556 421 1636 (p
444 1554 518 1641 XV,
543 1560 586 1620 42
595 1553 679 1640 sqq)
704 1554 816 1649 trudit.
793 1545 1007 1626 tEvrroics
1040 1549 1209 1641 Ἀθηααῖας
1241 1550 1387 1629 ἐδίδαξεν

211 1657 270 1725 ἐπὶ
292 1656 451 1746 ἄρχοντας
462 1646 753 1747 Ἄπολλοδώραυ,
736 1656 788 1745 αφ’
791 1645 829 1725 οὗ
853 1682 910 1725 και
900 1657 1147 1746 Φρύνιχαςῐθ).
1170 1663 1242 1728 Non
1256 1662 1350 1728 dubit
1336 1667 1388 1728 tao

107 1850 111 1873 f
215 1769 495 1853 Wilamowitzius,
509 1769 588 1850 quin
604 1770 665 1836 hnc
681 1770 749 1836 loco
763 1771 867 1852 prima
881 1768 1057 1853 Eupolidis
1074 1769 1187 1836 fabula
1202 1770 1326 1837 indicet
1312 1775 1387 1851 tur3

213 1895 272 1943 our
294 1895 373 1944 vero
395 1877 601 1959 Phrynichus
626 1879 773 1944 hocloco
802 1880 843 1944 ab
872 1897 1032 1960 anonymo
1048 1878 1245 1959 nominetur,
1259 1876 1388 1943 fatetur

212 2002 247 2050 se
263 1983 399 2051 nescire.
423 1984 537 2065 Neque
560 1990 670 2052 tamen
694 1986 771 2052 mihi
794 1985 988 2052 incredibile
1012 1986 1144 2053 videtur
1166 1985 1387 2066 Phrynichum

213 2091 323 2157 eodom
336 2110 422 2157 anno
434 2098 533 2174 atque
546 2092 688 2175 Eupolin
702 2093 840 2174 primam
853 2091 1000 2160 fabulam
1013 2091 1219 2160 docuissem
1236 2112 1275 2158 co
1290 2091 1386 2175 euim,

213 2197 255 2264 de
279 2216 352 2283 quo,
377 2199 529 2284 diximus
555 2200 767 2266 victoriarum
790 2200 907 2284 indice,
932 2200 1138 2284 Phrynichus
1163 2199 1288 2266 dnobus
1308 2199 1389 2265 locis

214 2313 292 2374 ante
316 2307 457 2388 Eupolin
484 2308 680 2374 nominatur.
726 2307 817 2391 Quae
841 2314 952 2374 tamen
976 2308 1048 2374 eius
1072 2307 1185 2374 fabula
1215 2308 1275 2374 hoc
1303 2325 1388 2372 anno

187 2492 191 2501 ¹
215 2422 289 2484 acta
305 2416 359 2501 sit,
377 2436 440 2483 non
453 2422 602 2498 constat3
619 2416 793 2482 multarum
812 2416 896 2481 enim
914 2415 985 2482 eius
1000 2413 1186 2481 fabularum
1203 2414 1390 2498 fragmenta

214 2525 381 2607 habemus
406 2542 541 2615 quarum
566 2528 715 2606 tempora
738 2522 867 2590 definiri
883 2523 947 2588 iam
964 2542 1028 2589 non
1045 2533 1195 2606 possunt.
1218 2522 1390 2604 Eupolidis

275 2759 296 2822 ⁸)
316 2756 383 2810 Onm
411 2754 495 2810 eidem
524 2769 617 2808 versus
645 2740 685 2809 ex*
705 2754 845 2823 Hermippi
873 2754 1006 2808 Militibus
1034 2760 1062 2809 ct
1089 2770 1122 2809 ex
1148 2754 1266 2809 eiusdem
1298 2754 1390 2809 Parcis

322 2845 441 2899 citantur
459 2843 505 2913 (K.
524 2844 568 2898 47.
596 2844 695 2898 Athen.
717 2845 757 2912 lh,
777 2844 860 2898 668a.
889 2844 922 2899 Κ.
942 2843 977 2897 56
1004 2843 1090 2898 Schol.
1110 2843 1194 2898 Arist.
1215 2843 1277 2898 Pac.
1299 2844 1390 2912 1242),

323 2933 459 3003 Bergkius
479 2934 519 3001 (O.
541 2933 566 2987 d.
586 2949 607 2987 r.
628 2948 650 2988 c.
682 2934 728 2988 Gr.
751 2950 776 3002 p.
787 2933 851 2998 322)
871 2932 1003 2988 conclusit
1039 2933 1140 2988 Milites
1168 2933 1235 2987 nihil
1263 2948 1321 2988 esso
1339 2933 1391 2987 nisi

324 3024 437 3079 alteram
457 3023 605 3078 Parcarum
623 3023 812 3093 recensionem,
836 3039 915 3091 quam
935 3023 1117 3078 coniecturam
1137 3028 1164 3078 et
1194 3023 1345 3077 Meinekius
1364 3029 1392 3077 et

20 3129 266 3195 ..,c÷omp1·⁶³2
257 3121 284 3160 b
324 3115 444 3169 Kockms
455 3123 483 3169 et
493 3114 720 3169 eramowrtarus
729 3114 920 3183 probaverunt
930 3114 1034 3167 Nam
1008 3130 1055 3168 mx
1064 3113 1191 3168 credibile
1200 3128 1259 3168 esse
1270 3112 1393 3180 Hermrp

31 3233 36 3247 ·
89 3208 160 3242 ’Ἣ
162 3198 219 3247 i
305 3188 405 3280 lpum
398 3221 425 3259 m
438 3204 507 3258 duas
520 3200 627 3258 iabulas
639 3205 759 3260 divorsas
769 3204 874 3259 cosdem
885 3209 1047 3271 anapaestos
1057 3204 1189 3258 mtuhsse
1199 3203 1291 3270 Neque
1302 3212 1393 3256 tamon

301 3295 406 3349 ullam
426 3310 533 3349 causam
552 3294 712 3363 attulerunt,
733 3310 785 3362 qna
797 3295 898 3349 Parcas
909 3295 1024 3362 priorem
1037 3308 1094 3348 esse
1106 3292 1227 3361 fabulam
1240 3292 1393 3362 colligatur

326 3385 394 3440 Nam
414 3384 536 3440 versibus
563 3384 703 3453 Hermippi
731 3384 777 3452 qui
805 3384 876 3453 apud
896 3384 1072 3438 Plutarchum
1094 3382 1201 3448 (Pericl
1221 3384 1267 3447 33)
1287 3380 1395 3435 fabulae

325 3474 432 3530 nomine
463 3490 516 3529 uon
544 3473 636 3528 addito
664 3473 792 3543 citantur,
824 3473 892 3528 nihil
910 3474 1112 3528 demonstratur
1139 3472 1191 3526 nisi
1222 3470 1394 3541 Hermippum

326 3581 397 3620 anno
416 3565 469 3619 430
488 3563 609 3619 fabulam
628 3563 773 3632 scripsisse,
785 3580 838 3631 qua
848 3563 959 3618 Periclis
978 3563 1177 3617 cunctationem
1190 3560 1394 3630 perstringeret.

326 3657 424 3723 Itaque
451 3661 500 3708 aut
528 3655 561 3709 ad
589 3654 689 3708 Parcas
717 3658 766 3708 aut
793 3654 827 3708 ad
855 3654 955 3709 Milites
983 3669 1028 3708 eos
1055 3653 1155 3708 reterre
1173 3652 1244 3721 licet,
1264 3650 1316 3705 nisi
1335 3650 1394 3705 aliis

328 3745 416 3799 causis
434 3744 542 3812 probari
570 3749 661 3813 potest
689 3743 804 3798 alteram
822 3759 858 3798 ex
876 3742 919 3798 his
938 3742 1037 3797 iabulis
1056 3758 1127 3797 anno
1145 3742 1200 3797 430
1218 3748 1308 3795 aotam
1327 3755 1394 3794 esse.

284 3857 306 3924 ⁰)
326 3853 369 3908 Ad
387 3854 578 3922 Aristophanis
597 3855 669 3907 Aves
688 3853 739 3907 521
760 3851 861 3906 scholia
880 3853 945 3906 baec
964 3851 1107 3905 adnotant.
1131 3842 1281 3924 (Λάμπων)
1301 3849 1345 3920 ἔζη
1365 3847 1395 3903 δὲ

328 3943 374 4001 ἐπὶ
384 3943 431 4015 τῆς
445 3943 498 3999 τῶν
508 3932 642 4018 'Opotoura
656 3945 839 4010 διδασκαλίας,
854 3931 913 4014 οὖχ,
927 3938 963 4002 ὥς
975 3961 1056 4007 τινες,
1069 3934 1223 4011 ἐτεθνήκει.
1241 3937 1331 4012 πολλῷ
1341 3931 1395 4011 γὰρ

330 4031 444 4109 ὕστερον
462 4031 493 4089 ἐν
512 4034 545 4109 τῇ
563 4034 687 4108 Νεμέσει
709 4035 851 4108 Κρατῖνος
861 4030 938 4086 οἶδεν
954 4018 1139 4096 adscivimus.
1159 4028 1396 4084 IndeZielinskius

331 4126 438 4197 (Rhein
459 4125 527 4191 Mus
547 4126 590 4191 39,
609 4126 673 4179 3030
692 4123 828 4178 concludit
837 4122 963 4177 Nemesin
974 4126 1037 4189 post
1046 4137 1146 4175 annum
1156 4122 1396 4174 lliretractatam

331 4224 413 4285 atque
431 4217 528 4271 iterum
548 4221 636 4269 actam
656 4230 721 4282 esse,
741 4229 809 4282 qitac
828 4213 963 4267 sententia
981 4208 1160 4266 demonstrari
1179 4226 1233 4263 non
1251 4214 1349 4277 potest

279 4310 313 4374 ¹⁰)
332 4310 415 4363 Errat
435 4305 667 4375 Wilamowitnins,
696 4306 741 4372 qui
760 4303 952 4372 Apollodorum
971 4309 1008 4372 (p.
1021 4303 1067 4368 29)
1078 4302 1131 4357 428
1145 4302 1300 4356 archontum
1314 4298 1398 4354 fuisse

334 4397 435 4453 scribit
