3184 4994
643 409 864 469 ..31-.

161 600 202 665 de
227 599 428 681 temporibus
452 599 640 666 fabularum
666 596 919 682 Eupolidearum
945 598 1028 665 disci
1051 614 1147 683 posse
1171 600 1250 666 milri
1267 618 1340 682 per-

162 725 295 773 suasum
321 716 380 773 est.
428 710 474 773 At
498 708 639 773 fortasse
676 727 726 786 ea,
762 725 845 787 quae
882 707 922 773 de
957 708 1122 774 comoedia
1157 708 1271 773 Attica
1299 727 1341 774 ex

163 816 240 879 aliis
274 816 422 881 fontibus
456 816 591 880 haurire
627 832 809 898 possumne,
846 813 921 880 huic
957 815 1025 879 loco
1054 815 1159 881 lucem
1191 814 1341 881 afferunt.

164 924 245 987 Nam
268 923 296 987 si
321 922 547 988 demonstrare
571 921 750 1002 poterimus
768 920 910 1003 Eupolin
934 930 1012 988 ante
1025 941 1052 987 a.
1064 927 1129 989 422
1142 921 1340 989 comoediam

162 1031 194 1094 in
217 1030 363 1095 exoletos
386 1030 571 1111 scripsisse,
596 1029 655 1095 lros
674 1046 789 1096 versus
806 1026 941 1097 facilius
956 1029 1198 1112 intellegemus.
1230 1034 1340 1111 Atque

163 1137 438 1203 Wilamowitzius
464 1136 587 1208 Φίλους
609 1136 781 1217 Eupolidis
804 1143 838 1203 et
862 1137 929 1202 illis
952 1139 1154 1219 temporibus
1178 1143 1284 1203 actam
1307 1143 1341 1202 et

161 1245 195 1309 in
221 1246 369 1311 exoletos
393 1245 550 1326 scriptam
575 1263 648 1310 esse
672 1262 712 1309 ex
736 1244 864 1323 nomine
889 1243 987 1310 huius
1011 1244 1145 1311 fabulae
1163 1243 1337 1311 concludit.

162 1351 320 1417 Meinelsii
344 1351 431 1417 enim
454 1344 661 1434 septemium,
698 1350 755 1433 qui
789 1344 864 1422 roric
898 1353 979 1435 περὶ
1013 1348 1155 1439 τάγηνον
1190 1353 1246 1415 καὶ
1269 1343 1342 1432 μετ’

164 1454 301 1543 ἄριστον
331 1458 445 1541 φίλους
480 1458 540 1541 hoc
587 1459 717 1524 nomine
752 1458 934 1542 significari
972 1462 1110 1537 pntalrat
1134 1456 1184 1542 (II
1207 1479 1236 1541 p.
1262 1460 1341 1541 535)

167 1567 440 1647 Wilamowltzius
478 1567 654 1649 improbat,
696 1569 835 1648 primum
892 1569 978 1649 quod
1016 1568 1143 1633 nullum
1165 1567 1254 1653 ¹eius
1293 1567 1340 1633 rei

165 1673 344 1755 vestigium
380 1676 414 1739 in
450 1674 646 1757 fragmentis
670 1677 823 1757 supersit,
849 1675 967 1742 deinde
991 1676 1075 1757 qnod
1102 1676 1156 1741 vix
1181 1675 1340 1741 credibile

163 1782 208 1847 sit
231 1782 373 1863 Eupolin
406 1783 541 1848 eandam
573 1802 641 1850 rem
676 1803 770 1864 quam
804 1783 838 1848 in
870 1784 1106 1850 adulatoribus
1136 1792 1341 1849 tractaverat

163 1887 261 1955 etiarn
286 1890 320 1954 in
353 1891 418 1955 alia
449 1892 588 1971 quadam
621 1890 736 1957 fabula
759 1898 929 1958 tractasse.
975 1893 1042 1958 Nec
1067 1898 1177 1956 tamen
1201 1893 1340 1973 primum

162 1997 243 2062 illud
261 2006 490 2078 argumentum
509 1999 541 2063 in
559 2005 625 2063 tarn
644 1998 763 2082 exiguo
781 2017 914 2064 numero
931 1999 1189 2082 fragmentorum
1204 1998 1340 2064 multum

109 2094 113 2100 ’
163 2104 254 2171 valet
288 2123 394 2185 neque
430 2098 586 2185 antiquae
621 2105 809 2171 comoediae
857 2111 970 2186 poetae
1016 2106 1150 2172 eandem
1185 2125 1253 2193 rem
1289 2106 1341 2170 bis

166 2217 311 2277 tractare
334 2212 435 2277 veriti
458 2221 545 2278 sunt.
591 2212 667 2293 Ipse
694 2212 965 2277 Wilamowitzius
992 2211 1090 2276 Φίλω
1114 2230 1171 2292 pro
1191 2206 1344 2296 Ἐρασταί

165 2319 307 2399 positum
333 2325 437 2401 putat.
484 2321 565 2385 Nam
602 2321 686 2400 apud
722 2320 849 2385 nobiles
873 2320 1020 2389 homiues
1044 2329 1206 2389 amatores
1229 2319 1343 2401 φίλους

166 2427 352 2493 nominatos
389 2446 471 2507 esse,
508 2429 600 2495 cairus
634 2429 684 2494 rei
709 2435 812 2495 testes
835 2429 1006 2494 Platonem
1032 2436 1067 2495 et
1090 2428 1340 2508 Xenophontem

165 2533 269 2600 affert.
305 2535 403 2617 Apud
427 2534 598 2601 Platonem
634 2535 795 2617 (Sympos.
835 2534 938 2620 182c)
978 2535 1118 2618 primum
1155 2525 1264 2617 pallor
1302 2552 1342 2600 ex

166 2638 283 2724 ἔρωτος
305 2643 392 2708 sicut
416 2663 458 2709 ex
489 2643 565 2709 aliis
603 2645 702 2709 rebus
740 2643 832 2727 gigni
874 2662 969 2724 posse
1007 2642 1172 2723 dicuntur,
1225 2641 1343 2708 deinde

165 2743 182 2810 ὁ
206 2744 480 2832 Ἀριστογείτονος
523 2747 601 2834 ἔρως
639 2750 696 2813 καὶ
723 2743 743 2832 ἡ
772 2742 950 2835 Ἀρμοδίον
981 2750 1075 2833 φιλία
1099 2750 1341 2821 discernuntur.

167 2856 268 2920 Paulo
292 2869 366 2936 post
390 2856 505 2943 (183c)
529 2854 566 2920 mi
592 2853 672 2941 ἐρᾶν
696 2859 752 2920 καὶ
775 2854 813 2920 τὸ
839 2858 953 2940 φίλους
977 2861 1132 2945 γενέσθαι
1155 2863 1223 2929 τοῖς
1247 2853 1341 2940 ἐρασ-

71 2958 73 2962 ’
166 2968 238 3040 ταῖς
282 2962 379 3028 Plato
425 2965 511 3032 inter
546 2984 581 3031 se
617 2967 760 3046 opponit.
808 2955 859 3031 Ex
894 2966 945 3033 bis
979 2966 1083 3048 igitur
1112 2966 1238 3035 duobus
1262 2965 1342 3030 locis

168 3071 275 3150 potius
299 3072 449 3137 concludi
487 3081 595 3154 potest
630 3093 769 3139 amorem
805 3076 870 3136 τῶν
903 3070 1075 3156 ἐρωμένων
1110 3091 1341 3152 nonnunquam

166 3178 283 3260 φιλίαν
318 3180 507 3260 appelatum
542 3198 623 3245 esse.
670 3181 765 3262 Apud
790 3181 1040 3263 Xenophontem
1065 3188 1174 3246 autem
1198 3200 1235 3245 oo
1260 3181 1340 3263 loco,

63 3378 68 3383 ι
166 3305 261 3369 quem
288 3287 562 3353 Wilamowitzlus
586 3287 679 3365 citat,
703 3289 742 3354 de
766 3288 879 3354 amicis
904 3289 1049 3355 Socratis
1074 3290 1192 3372 agitur.
1218 3287 1340 3370 Quodsi

166 3395 341 3461 fabulare
366 3413 445 3461 vera
469 3395 511 3459 ad
535 3413 706 3476 puerorum
740 3415 868 3462 amores
891 3397 1062 3477 pertinuit,
1087 3397 1199 3478 plures
1223 3415 1342 3478 pueros

167 3503 279 3568 molles
314 3505 356 3567 ab
390 3502 557 3585 Eupolide
603 3504 775 3569 vellicatos
820 3522 892 3570 esse
933 3504 1143 3570 statuendum
1169 3511 1230 3584 est,
1256 3503 1340 3584 quod

167 3628 239 3674 cum
278 3610 519 3677 Wilamowitzii
554 3611 721 3676 sententia
756 3631 819 3676 non
859 3612 1030 3677 consentit.
1079 3611 1130 3676 lix
1160 3612 1208 3676 eis
1233 3620 1340 3676 autern

168 3715 339 3795 Eupolidis
362 3710 567 3799 fragmentis
593 3737 677 3798 quac
700 3719 835 3784 disertis
859 3720 1052 3801 scriptorum
1077 3719 1275 3784 testimoniis
1300 3721 1340 3785 ad

169 3823 298 3887 Amicos
321 3822 520 3908 referuntur,
545 3826 668 3893 nullam
693 3827 733 3890 ad
758 3827 939 3907 opinionem
965 3845 1058 3893 snam
1089 3826 1339 3892 confirmandam

171 3929 442 3996 Wilemowitzius
477 3933 631 3998 adhibere
667 3940 783 4013 polest.
831 3932 922 4016 Quae
956 3951 1034 3999 vero
1073 3953 1114 3999 ex
1156 3934 1340 4015 fragmento

166 4038 292 4102 incerto
306 4043 367 4102 321
388 4040 609 4125 concludier),
635 4059 674 4105 ea
697 4042 868 4105 subtiliter
891 4041 1078 4123 excogitata
1103 4040 1338 4122 esseconcedo,

170 4146 247 4154 -u-—a
253 4146 377 4154 -.,...-.-...

221 4179 255 4242 Μ)
275 4177 354 4246 Apud
374 4179 529 4233 Cremeram
549 4180 648 4235 Aneod.
668 4181 752 4236 Oxon.
772 4181 794 4249 I,
813 4183 866 4234 372
885 4182 951 4235 haec
969 4187 1080 4236 exstant

308 4262 451 4342 lnirppoc)
470 4263 539 4325 κατὰ
558 4256 832 4343 saliniensium&
852 4271 882 4326 rie*
900 4265 970 4326 κατὰ
988 4265 1018 4326 τὸ
1038 4272 1117 4346 σῶμα
1135 4267 1341 4347 προπαροξυτό-

274 4379 335 4424 νως,
354 4361 400 4414 καὶ
419 4346 615 4432 παρΕὖπόλιδι
627 4354 656 4415 ro
670 4357 794 4433 optario
806 4355 913 4438 πονήρα
1004 4372 1006 4375 ’

273 4451 320 4505 καὶ
332 4442 374 4522 μή
387 4443 531 4523 πονηρούς,
545 4438 694 4523 murarios,
709 4451 835 4524 προξένει

273 4533 303 4595 τὸ
322 4538 376 4614 μὲν
395 4533 532 4615 πρότερον
551 4528 693 4601 uicinorum
711 4540 788 4606 (Wil.
807 4529 965 4609 ἐξάγουσιν).
