3184 4994
665 427 887 487 ..57-

192 619 333 699 Equites
368 635 427 683 suo
462 617 593 684 nomine
629 624 737 684 actam
767 617 1023 700 Aristophanem
1049 623 1185 698 propter
1207 635 1278 683 eam
1302 635 1371 682 rem

192 725 343 793 vellicari
379 740 443 791 non
480 724 636 806 potuisse.
685 726 730 791 At
761 725 1001 807 Aristophanes
1026 724 1125 790 etiam
1150 732 1225 807 post
1250 742 1371 793 annum

192 838 258 900 425
283 830 413 898 fabulas
437 832 514 897 aliis
539 832 646 914 potitis
669 830 831 898 docendas
855 831 994 898 tradidit
1017 849 1122 911 neque
1146 830 1303 897 credibile
1319 835 1370 895 est

192 940 440 1022 Aristonymum
474 947 509 1006 et
532 939 784 1021 Sannyriouem,
819 938 873 1020 qui
909 937 995 1004 idem
1026 938 1054 1004 ei
1078 938 1282 1018 obiecerunt,
1304 937 1369 1002 iam

194 1053 271 1113 ante
295 1066 416 1112 annum
441 1045 665 1112 4241411144
689 1047 850 1113 docuisse.

299 1154 402 1220 Denis
427 1154 472 1235 (p.
497 1157 576 1234 264)
601 1153 797 1220 Pisandrum
821 1173 906 1219 anno
928 1158 992 1219 411
1011 1153 1181 1237 adscribit,
1207 1153 1291 1233 quod
1314 1152 1371 1218 illo

191 1259 321 1326 demum
346 1279 432 1326 anuo
450 1260 614 1327 Pisander
637 1266 765 1326 tantam
779 1261 1010 1328 anctoritatem
1023 1266 1195 1327 assecutus
1219 1266 1316 1336 esset,
1334 1267 1371 1325 ut

191 1366 356 1433 comoedia
390 1368 519 1448 integra
554 1367 702 1434 vellicari
738 1374 860 1451 posset,
898 1386 993 1447 quam
1018 1368 1214 1434 senteutiam
1244 1366 1370 1434 idoneis

194 1476 478 1557 argumentisncn
504 1476 669 1556 probavit.
717 1474 943 1541 Confitendum
967 1475 1147 1558 igiturest
1171 1493 1243 1540 cum
1268 1474 1371 1539 wila·

192 1581 355 1648 mowitnio
390 1581 546 1667 (Hermes
567 1582 692 1668 XII,p
727 1588 791 1647 335
816 1581 889 1648 adu.
917 1587 969 1662 16)
994 1583 1092 1648 huius
1116 1582 1251 1648 fabulae
1296 1583 1370 1648 Pla·

191 1689 319 1755 tonicae
342 1696 472 1771 tempus
496 1690 684 1755 accuratius
707 1689 835 1780 deliniri
860 1708 923 1755 uon
948 1708 1054 1771 posse.

299 1797 480 1864 Praeterea
514 1797 730 1879 Sannyrionls
776 1797 889 1863 Risum
927 1802 962 1864 et
997 1797 1200 1881 Aristonymi
1259 1798 1369 1864 Solem

190 1903 365 1985 frigentem
390 1904 470 1971 belli
494 1905 727 1986 Peloponnesii
752 1903 954 1986 temporibus
969 1911 1062 1971 actas
1079 1924 1152 1973 esse
1169 1905 1238 1971 veri
1262 1903 1370 1971 simile

190 2018 257 2092 est,
280 2031 356 2078 nam
379 2011 413 2077 iu
435 2012 487 2079 his
511 2012 633 2078 fabulis
657 2016 776 2094 poetae
799 2011 1053 2093 Aristophanem
1079 2012 1262 2093 irriserant,
1282 2011 1369 2093 quod

190 2135 268 2183 suas
303 2117 436 2184 fabulas
472 2118 548 2184 aliis
582 2118 745 2185 venderet
778 2119 898 2202 (Schol.
921 2119 1000 2185 Plat
1019 2125 1096 2187 ,331
1125 2118 1244 2199 Β41111.)
1268 2120 1370 2184 'Pheo-

190 2224 299 2304 pompi
345 2231 456 2289 autem
500 2225 634 2308 Pueros,
676 2225 850 2292 Strattidis
885 2226 1244 2309 Anthroporrhaisten,
1281 2228 1368 2293 eius-

190 2329 263 2396 dem
301 2331 466 2397 Potamios
505 2331 580 2397 belli
620 2333 822 2414 temporibus
852 2339 945 2399 actas
983 2352 1055 2401 esse
1093 2334 1157 2399 iam
1183 2333 1369 2401 Meinckius

192 2436 430 2505 demonstravit
453 2438 493 2522 (I,
517 2458 547 2521 p.
573 2443 648 2521 224,
674 2459 703 2522 p.
729 2447 804 2522 233,
830 2460 857 2522 p.
883 2440 973 2525 241).
1047 2490 1050 2494 ⁴

297 2546 342 2612 lis
377 2546 425 2613 eis
461 2556 572 2613 autem
608 2548 840 2630 Aristophanis
874 2548 1008 2635 fabulis,
1045 2568 1183 2630 quarum
1215 2555 1367 2630 tempora

189 2653 435 2736 angustioribus
469 2654 591 2722 finibus
633 2655 900 2722 circumscribere
940 2675 1001 2722 nou
1037 2658 1125 2736 licet,
1162 2657 1234 2723 sine
1270 2656 1368 2722 dubio

189 2760 277 2827 bello
312 2761 553 2845 Peloponnesio
591 2770 685 2830 actae
719 2768 807 2846 suut,
846 2765 985 2848 Heroes,
1022 2766 1145 2851 Horae,
1181 2763 1363 2848 Telmessii,

190 2867 334 2948 Insulae,
359 2869 430 2934 Pax
455 2868 569 2936 altera.
601 2871 641 2935 In
666 2871 766 2937 Horis
790 2871 876 2936 enim
893 2879 927 2937 et
940 2872 1129 2939 'Pelmessiis
1154 2872 1366 2952 Chaerephon

191 2985 461 3040 commemoratus
485 2981 568 3059 erat,
594 2984 632 3042 ut
654 2996 695 3044 ex
718 2978 843 3044 scholio
867 2978 908 3044 ad
932 2980 1017 3045 Plat.
1047 2981 1173 3061 apolog.
1197 2999 1225 3061 p.
1251 2985 1312 3043 331
1329 2979 1365 3043 B.

191 3079 245 3144 nbi
270 3080 420 3148 Socrates
445 3082 721 3164 Obserephontcm
747 3087 835 3151 inter
857 3093 922 3153 403
948 3093 983 3154 et
1007 3092 1071 3153 399
1103 3089 1264 3152 mortuum
1295 3104 1367 3153 esse

190 3186 282 3269 dicit,
307 3190 541 3271 cognoscimus.
580 3191 618 3256 Iu
643 3193 810 3259 Heroibus
834 3194 1024 3276 Diitrephes
1043 3195 1173 3276 quidam
1193 3193 1367 3260 vellicatus

190 3300 263 3360 erat
287 3293 403 3379 (schol.
428 3298 478 3363 ud.
503 3306 564 3364 Av.
585 3301 672 3382 798),
697 3320 791 3382 quem
817 3302 892 3368 belli
910 3302 1140 3384 Peloponnesii
1164 3301 1367 3384 temporibus

190 3403 292 3483 copiis
317 3404 569 3470 Atheniensium
594 3407 780 3488 praefuisse
804 3415 935 3475 constat
957 3411 1069 3489 (Phoc.
1086 3409 1159 3494 VII,
1178 3410 1367 3493 29),414111·

190 3526 287 3587 quam
312 3531 354 3578 ex
378 3511 449 3579 eius
474 3513 639 3580 mentione
663 3517 869 3582 accuratiora
893 3516 933 3584 de
957 3527 1101 3600 tempore
1125 3517 1273 3583 concludi
1301 3534 1365 3582 non

190 3632 286 3695 posse
321 3620 469 3686 Kockius
505 3621 550 3704 (p.
581 3625 659 3701 469)
695 3623 941 3691 demonstravit.
988 3625 1059 3690 Pax
1083 3645 1179 3705 porro
1204 3626 1310 3692 altera
1333 3633 1366 3691 ct

189 3722 324 3788 Insulae
357 3735 433 3794 ante
467 3748 588 3795 aunum
629 3735 696 3796 404
730 3732 765 3796 in
793 3750 923 3798 scenam
953 3734 1145 3799 commissae
1169 3741 1257 3814 sunt,
1280 3733 1367 3813 quod

190 3837 331 3909 utraque
365 3833 475 3901 tabula
511 3838 771 3905 Atheniensibus
801 3858 867 3921 pax
899 3840 1059 3906 suadetur
1082 3841 1173 3921 (Pax.
1199 3846 1274 3921 294,
1301 3846 1364 3904 295

188 3937 400 4016 Ι1441.387.)
447 3943 497 4008 De
531 3945 784 4024 'Pagenistarum
820 3953 968 4029 tempore
1001 3947 1082 4014 nihil
1105 3948 1236 4030 scimus,
1260 3965 1366 4028 oeque

188 4043 273 4109 enim
298 4046 446 4113 Kochios
471 4049 515 4131 (p.
539 4057 617 4132 116)
642 4073 712 4120 eam
747 4053 892 4119 fabulam
922 4055 955 4120 in
980 4055 1183 4121 Alcibiadem
1208 4055 1363 4136 scriptam

188 4151 515 4219 essedemonstravit.
533 4157 741 4226 Senectutem
759 4178 836 4226 vero
854 4169 927 4241 post
944 4163 1067 4228 bellum
1085 4161 1358 4244 Peloponnesium

187 4265 295 4326 actam
319 4278 392 4328 esse
416 4260 1020 4350 (1411414114111011144114114111(1111.
1046 4271 1128 4336 Mus.
1155 4274 1196 4334 34
1221 4288 1250 4350 p.
1276 4269 1363 4351 614),

296 4368 364 4434 Iam
389 4388 446 4436 eas
470 4368 601 4435 tabulas
636 4377 907 4458 enumerabimus,
941 4376 981 4444 de
1004 4396 1139 4458 quarum
1163 4377 1364 4459 temporibus

189 4473 312 4555 aliquid
336 4476 412 4543 sciri
438 4495 532 4559 posse
555 4478 742 4546 statuimus.
