3184 4994
742 399 964 458 ..32-

270 590 328 655 sed
352 609 455 671 neque
479 590 583 672 ipsius
608 590 785 670 fragmenti
812 589 991 670 explicatio
1007 594 1106 655 ‘certa
1130 593 1181 653 est
1208 605 1313 667 neque
1346 584 1445 650 Wila-

270 697 456 762 mowitzins
492 699 561 763 nlla
597 697 728 763 rationo·
753 697 905 778 probavit
941 697 981 762 ad
1020 699 1153 763 Amicos
1189 696 1275 759 hono
1315 711 1443 760 versum

270 803 479 870 referendum
519 822 602 870 esse.
655 805 774 885 Itaque
811 803 997 870 Amicorum
1038 809 1167 885 tempus
1208 801 1337 867 definiri
1381 819 1444 865 non

272 930 367 993 posso
391 913 609 978 confitendum
633 918 691 977 est.

237 1008 245 1019 ”
371 1019 429 1084 *Ea
453 1020 644 1103 opprobria,
674 1039 757 1100 qnae
781 1019 1021 1101 Aristophanes
1045 1019 1078 1084 in
1104 1018 1223 1099 Vespis
1247 1017 1280 1081 in
1305 1014 1444 1096 Eupolin

270 1126 404 1206 iecerat,
441 1127 538 1192 etiam
577 1125 610 1191 in
647 1127 731 1192 Pace
767 1127 895 1192 nomine
936 1126 1025 1192 illius
1065 1146 1127 1191 non
1163 1125 1276 1190 addito
1315 1123 1444 1203 repetit.

267 1233 353 1315 *Nam
394 1234 490 1299 Pacis
526 1234 701 1314 parabasin
737 1234 809 1300 iere
846 1241 946 1299 totam
984 1234 1018 1298 in
1043 1239 1156 1314 poetas
1179 1233 1324 1297 aemulos
1348 1236 1446 1310 atque

272 1343 409 1407 inaximo
441 1343 474 1407 in
499 1342 642 1423 Eupolin
676 1343 831 1424 scriptam
861 1361 934 1409 esse
959 1341 1234 1408 Wilamowitzins
1256 1339 1446 1405 acutissime

271 1450 438 1532 cognovit.
1163 1470 1166 1473 ·

377 1557 460 1623 Tres
484 1565 592 1622 autem
617 1557 678 1623 loci
704 1558 775 1623 sine
789 1557 886 1623 dnbio
903 1557 944 1622 ad
964 1556 1102 1638 lhupolin
1121 1562 1283 1637 spectant.
1302 1555 1443 1620 Primum

270 1665 401 1730 nltimos
428 1666 601 1747 parabasis
626 1684 741 1731 versus
765 1669 798 1729 in
815 1666 901 1731 hnnc
919 1672 1045 1746 poetam
1063 1666 1167 1730 dictos
1184 1683 1255 1728 csso
1267 1663 1446 1729 scholiasta

269 1772 420 1837 affirmat,

271 1886 333 1944 762
358 1880 413 1942 καὶ
444 1873 504 1962 γὰρ
541 1874 706 1964 πρότερον
741 1875 868 1961 πριίξας
905 1873 986 1942 κατὰ
1023 1883 1104 1941 νοῦν
1136 1871 1211 1957 οὐχὶ
1245 1878 1447 1960 παλαίστρας

1245 1986 1447 2068 περινοστῶν

358 2095 480 2165 παῖδας
503 2090 655 2180 ἐπείρων,
681 2089 755 2158 ἀλλ’
777 2089 945 2177 αἰρόμενος
959 2088 1027 2179 τὴνΙ
1041 2090 1160 2179 σκευὴν
1177 2085 1278 2164 εὐθὺς
1293 2086 1447 2174 ἔχω’ροον.

270 2201 389 2282 quibus
413 2203 564 2269 versibus
590 2203 829 2284 Aristophanes
852 2203 988 2268 eandem
1015 2221 1098 2282 rem,
1126 2221 1221 2282 qnam
1258 2202 1292 2266 in
1327 2200 1447 2280 Vespis

268 2309 421 2391 Eupolidi
440 2311 549 2375 obicit.
589 2310 669 2375 Inde
687 2310 960 2375 Wilamowilzins
977 2330 1040 2375 non
1058 2311 1143 2375 male
1160 2308 1286 2392 colligit
1304 2308 1447 2390 Eupolin

269 2416 357 2482 inter
382 2418 561 2498 Vesparnm
598 2424 632 2483 et
667 2414 764 2483 Pacis
800 2418 1059 2483 commissionem
1106 2418 1223 2483 iterum
1271 2415 1445 2482 victoriam

268 2532 398 2589 nactum
435 2543 609 2606 puerorum
645 2525 809 2590 amoribus
834 2544 870 2590 se
895 2524 1068 2591 dedidisse.
1115 2525 1193 2589 Cnrn
1219 2525 1271 2589 his
1294 2523 1445 2589 versibus

268 2638 358 2696 recte
381 2631 510 2696 initium
536 2632 706 2712 parabasis
730 2632 916 2715 coniungit:

269 2744 333 2803 734
355 2741 437 2822 χρῆν
458 2736 521 2818 μὲν
543 2733 684 2801 τύπτειν
707 2733 781 2810 τούς
804 2735 1011 2828 ῥαβδούχους,
1035 2738 1133 2810 εἴτις
1168 2732 1447 2825 κωμῳδοποιητὴς

357 2838 459 2907 αὑτὸν
472 2841 589 2928 ἐπῄνει
603 2842 687 2929 πρὸς
702 2841 739 2909 τὸ
757 2851 902 2931 θέατρον
913 2842 1065 2930 παραβὰς
1080 2843 1117 2910 ἐν
1131 2854 1198 2917 τοῖς
1218 2840 1444 2916 ἀναπαίστοις.

267 2954 348 3017 Nam
374 2953 455 3018 haec
478 2953 512 3017 in
537 2955 699 3019 aemulum
725 2955 884 3035 quendam
910 2961 1036 3035 poetam
1062 2955 1186 3036 scripta
1209 2972 1281 3020 esse
1305 2943 1443 3034 apparet

269 3079 326 3126 noc
350 3061 484 3126 dubium
519 3068 580 3142 est,
613 3063 692 3143 quin
724 3063 754 3127 is
779 3064 914 3144 Eupolis
938 3064 1049 3129 fuerit.
1097 3064 1275 3129 Praeterea
1300 3080 1384 3141 qnae
1408 3053 1443 3124 ln

267 3171 380 3248 πνίγει
404 3171 445 3235 de
480 3170 616 3234 calvitio
667 3189 728 3234 sna
752 3176 847 3251 polita
871 3171 960 3240 dicii,
992 3182 1125 3253 propter
1147 3170 1322 3251 Eupolidis
1344 3168 1444 3234 male·

267 3275 354 3340 dicia
389 3275 530 3357 proferri
565 3289 817 3343 consentaneum
844 3295 903 3344 est.
950 3279 1214 3345 Concludendum
1236 3278 1353 3359 igitur
1391 3282 1444 3342 est

267 3381 409 3463 Eupolin
433 3383 468 3448 in
492 3384 642 3464 parabasi
668 3385 800 3450 fahnlae
813 3386 902 3452 inter
915 3387 1046 3452 Lenaea
1062 3405 1090 3452 a.
1109 3392 1174 3451 422
1188 3392 1223 3451 et
1238 3385 1400 3476 Dionysia
1412 3403 1442 3449 a.

267 3495 327 3554 421
346 3498 440 3555 actae
457 3510 521 3556 non
537 3490 608 3556 sine
621 3491 775 3557 irrisione
788 3493 1023 3574 Aristophanis
1035 3493 1242 3576 impudenter
1264 3492 1440 3574 gloriatum

275 3616 473 3623 ·-———-—--›—-

410 3660 438 3721 τὸ
458 3666 488 3721 δὲ
508 3665 555 3722 ε’πὶ
574 3666 622 3738 τῆς
641 3672 850 3742 προμνηστρίας
867 3669 1141 3745 βαρυτονοῦντεςΜ.
1152 3669 1367 3744 βαροτονοιῖοιν),
1386 3668 1442 3723 τῶν

374 3751 429 3830 γὰρ
457 3749 576 3831 τρόπους
607 3748 765 3832 ὅριζόμενος
784 3758 840 3824 (W.
868 3751 997 3833 ὁρίζεται)
1026 3751 1147 3833 cippos
1174 3758 1357 3832 (W.Ar}proc),
1385 3757 1441 3812 τοῖν

310 3914 312 3917 Ι
371 3831 550 3917 δἀἰτιατικῆς
562 3844 617 3914 (W.
627 3845 758 3912 αἰτιᾶται)
778 3840 814 3907 οἷς
832 3847 863 3902 ἐν
883 3850 1005 3922 λοιόορίρ
1025 3848 1073 3919 τῆς
1091 3842 1187 3920 τύχης.

409 3934 460 3988 Hic
489 3950 580 3988 vocem
609 3934 696 4010 δῆμος
723 3937 756 3989 ad
785 3937 905 4002 Demum,
930 3937 1092 4005 Pyrilampis
1110 3937 1194 3991 iilimn
1212 3937 1440 3991 Wilamowitzin's

372 4024 487 4090 rettulit,
507 4024 552 4091 qni
571 4024 599 4077 in
617 4024 719 4078 fornice
731 4032 857 4093 prostans
867 4030 1078 4102 προμνηστρίαν
1088 4027 1162 4082 illam
1176 4027 1350 4095 vituperaret,
1368 4025 1440 4093 qnod

373 4112 506 4182 ignobiles
534 4113 606 4166 viros
634 4114 668 4166 ad
695 4129 725 4167 sc
751 4114 917 4170 admitteret
954 4132 1013 4170 cnm
1044 4117 1092 4170 hoc
1109 4116 1264 4186 fragmento
1291 4117 1344 4169 duo
1363 4123 1440 4169 carta

372 4204 516 4257 amicornm
535 4203 690 4271 fragmenta
707 4220 802 4271 parum
813 4204 987 4272 probabiliter
996 4207 1147 4275 coniungit.
1167 4206 1235 4260 Nam
1247 4206 1305 4260 inre
1317 4205 1439 4259 Kockius

371 4290 454 4346 verbo
481 4292 581 4346 Anecd.
611 4299 665 4344 tam
693 4293 816 4361 graviter
843 4302 968 4364 corrupta
995 4302 1083 4364 putat,
1112 4303 1144 4350 nt
1172 4295 1238 4349 nihil
1264 4312 1296 4350 ox
1315 4296 1353 4350 cis
1371 4295 1438 4350 disci

371 4381 465 4449 possit.
