3184 4994
646 421 868 482 -3q-„

166 617 250 698 quod
288 616 452 683 comoedia
482 614 553 681 eius
589 614 715 681 Cratini
755 614 931 697 Lagoenae
965 618 999 679 et
1034 613 1202 696 Amipsiae
1237 611 1347 679 Couno

166 724 403 801 succubuisset,
427 741 475 808 ea,
501 739 585 803 quae
608 726 832 803 sequerentur,
857 721 927 787 illis
943 720 1024 800 ipsis
1041 720 1124 787 viris
1140 721 1346 804 exprobrem,
1454 786 1459 795 ,

167 834 329 916 aquibus
353 834 463 900 vietus
487 838 584 898 esset.
631 832 696 899 Sed
720 850 791 896 eam
816 831 1000 914 opinionem
1025 850 1083 913 per
1107 850 1142 898 se
1175 818 1346 897 admodum

166 943 324 1009 incertam
356 959 430 1008 esse
454 947 606 1022 apparet3
640 939 853 1020 nequeenim
880 939 1118 1021 Aristophanes
1152 956 1250 1005 versu
1283 944 1347 1004 536

168 1050 390 1115 demonstrare
425 1047 550 1129 studet,
599 1064 657 1111 cur
691 1046 898 1113 adversarios
936 1064 1034 1112 versu
1068 1051 1134 1111 ‘523
1171 1040 1349 1127 φορτικούς

165 1155 392 1238 appellaverit.
440 1155 484 1220 Et
509 1154 661 1236 quoniam
696 1173 737 1219 ne
761 1154 955 1234 scholiorum
993 1153 1121 1233 quidem
1159 1152 1349 1218 testimonia

167 1282 240 1328 cum
275 1264 336 1328 liae
371 1262 538 1328 sententia
561 1263 779 1345 consentiunt,
809 1262 1013 1328 Zielinskius
1039 1272 1074 1326 et
1096 1259 1293 1326 scholiastae
1316 1265 1350 1326 et

167 1390 277 1438 oorum
300 1370 501 1452 interpretes
534 1372 636 1435 multa
670 1369 813 1450 ineptire
836 1369 1014 1435 contendit.
1062 1370 1172 1448 Atque
1196 1374 1233 1433 ut
1257 1378 1350 1433 suam

111 1562 113 1566 Α
167 1479 351 1560 opinionem
377 1477 552 1558 defendat,
577 1475 763 1559 fragmenta
792 1477 950 1558 quaedam
993 1477 1166 1559 [lagoenae
1202 1472 1349 1540 adhibet.

169 1587 305 1652 Versum
341 1585 438 1668 enim,
474 1585 529 1667 qui
565 1584 713 1650 traditur
748 1587 781 1649 in
818 1583 954 1650 scholiis
980 1584 1028 1649 ad.
1054 1583 1157 1649 Arist.
1182 1583 1259 1649 Pac.
1285 1586 1349 1648 692

168 1693 222 1773 (Κ.
253 1695 326 1773 196)
875 1744 877 1749 ,

165 1794 371 1884 Ὑπέρβολον
398 1794 585 1882 ἀποσβέσας·
605 1797 641 1863 ἐν
672 1806 741 1871 τοῖς
762 1795 930 1878 λύχνοισιν
954 1795 1086 1884 γράψον

124 1894 126 1899 ’
166 1909 215 1974 ita
239 1908 393 1990 explicat,
418 1916 456 1973 nt
479 1909 682 1974 comoediam
710 1907 798 1972 dieat
822 1907 955 1972 Cratino
980 1906 1131 1992 suadere,
1156 1911 1194 1970 ut
1228 1905 1352 1981 scribat

168 2036 227 2098 pro
255 2009 500 2101 ,,Ὑπε’ρβολον“
531 2011 587 2098 „do
603 2022 672 2087 τοῖς
694 2011 869 2094 triponis!
897 2017 1035 2081 Versum
1061 2020 1168 2080 autem
1193 2032 1233 2078 ex
1258 2021 1352 2095 parte

167 2125 305 2204 quadam
340 2124 474 2190 fabulae
509 2123 714 2203 desumptum
750 2140 822 2187 esse
853 2129 958 2206 putat,
995 2140 1060 2202 qua
1084 2121 1255 2186 Comoedia
1279 2121 1351 2202 ipsa

169 2231 337 2297 Cratinum
364 2238 466 2298 artem
492 2232 647 2297 comicum
672 2230 814 2296 doceret.
1287 2308 1291 2321 Ι

276 2339 326 2404 Ad
353 2340 437 2406 hune
461 2340 567 2403 locum
585 2337 843 2419 Aristophanem
862 2337 1012 2403 versibus
1030 2341 1104 2420 541,
1124 2343 1187 2404 542
1206 2326 1351 2403 alludere

167 2454 272 2529 putat.
295 2448 378 2512 Nam
402 2442 492 2532 τᾶπη
517 2464 589 2512 esse
613 2451 833 2528 tetrametros,
858 2440 916 2507 τὸν
932 2439 1119 2530 rependendo
1134 2438 1194 2508 cdv
1214 2445 1351 2524 λέγοντα

168 2555 307 2621 alterum
345 2560 452 2620 utrum
490 2572 531 2620 ax
566 2553 768 2619 adversariis
807 2553 967 2638 argenteis,
1004 2554 1064 2617 hoe
1096 2558 1147 2618 est
1171 2553 1350 2629 Cratinum,

165 2656 223 2724 τὸν
247 2649 401 2745 παρόντα
425 2680 554 2727 servum
581 2666 777 2741 essentque
805 2660 989 2742 verhailla‚
1018 2653 1203 2743 ,decoctor
1216 2656 1350 2746 πονηρὰ

167 2764 367 2848 σκώμματα“
406 2769 601 2850 explicanda
640 2767 747 2833 videri
797 2767 892 2847 ,dum
929 2767 1075 2849 frigidos
1103 2769 1192 2834 iocos
1228 2768 1347 2833 tollit.“

170 2867 386 2958 (Ὑπέρβολον
407 2858 602 2958 ἀποσβέσας)
620 2878 666 2940 At
678 2875 807 2941 etiamsi
826 2875 1033 2940 concedimus
1048 2871 1351 2961 rdnqincomoddia

170 3000 297 3062 semper
320 2983 360 3048 de
383 2985 583 3050 tetrametris
607 2984 681 3063 dici,
706 2990 817 3049 tamen
843 2983 940 3048 etiam
965 2982 1006 3048 ad
1032 2989 1241 3050 tetrametros
1265 2982 1350 3061 alius

170 3088 340 3154 cuiusdam
365 3088 497 3155 fabulae
520 3092 759 3172 Aristophanes
782 3090 948 3183 respicere
971 3090 1135 3170 potuitll).
1171 3090 1217 3157 Ut
1240 3094 1349 3167 autem

169 3197 310 3278 aliquam
347 3196 598 3264 similitudinem
638 3197 725 3262 inter
757 3216 887 3264 versum
923 3198 1099 3280 Lagoenae
1123 3199 1164 3263 ab
1189 3199 1259 3278 ipso
1284 3202 1348 3263 hon

169 3304 280 3386 inepte
303 3306 501 3386 explicatum
530 3313 565 3371 et
596 3306 826 3386 Aristophanis
851 3306 955 3371 locum
980 3303 1115 3386 efficiat,
1150 3306 1350 3372 Zielinskius

170 3413 256 3494 apud
281 3413 451 3479 Cratinum
476 3431 606 3479 serrum
631 3414 843 3493 vapulantem
867 3413 988 3478 addere
1013 3413 1126 3495 debet,
1156 3432 1348 3495 quamquam

167 3520 314 3602 intellegi
351 3539 415 3585 non
451 3527 576 3603 potest,
612 3539 670 3585 eur
704 3538 820 3586 servus
851 3521 905 3585 hie
933 3521 1148 3603 vapulaverit.
1195 3522 1349 3588 Praestat

169 3626 272 3707 igitur
294 3627 469 3708 explicatio
493 3627 703 3708 scholiastae,
728 3627 780 3709 qui
806 3633 950 3693 actorem
980 3622 1143 3708 quendam
1178 3627 1348 3709 Hermippi

170 3751 302 3798 seruum
327 3736 519 3801 verberasse
536 3735 625 3819 dicit⁷
644 3741 680 3799 ut
697 3735 834 3815 populus
848 3735 992 3801 iocorum
1010 3733 1201 3816 frigidorum
1220 3737 1349 3802 ratione

169 3859 231 3906 nou
258 3841 370 3906 habita
393 3843 626 3909 scurrilitatem
652 3841 789 3910 rideret,
821 3844 935 3922 Neque
959 3842 999 3908 ad
1023 3861 1150 3920 versus,
1175 3843 1231 3925 qui
1255 3862 1347 3924 prae·

170 3948 301 4029 cedunt,
332 3948 532 4016 Zielinskius
568 3951 742 4031 quiequam
775 3948 880 4031 affert,
917 3968 980 4030 quo
1016 3950 1258 4017 demonstretur
1292 3970 1347 4016 eos

171 4055 279 4139 potius
303 4055 336 4119 iu
363 4057 542 4137 Amipsiam
567 4076 662 4137 quam
684 4058 722 4122 in
746 4057 847 4122 alium
870 4056 1030 4138 quendam
1055 4064 1181 4139 politam
1207 4060 1348 4140 scriptos

170 4182 253 4229 esse.
299 4161 416 4243 Itaque
440 4162 472 4227 in
496 4164 607 4229 verbis
631 4164 829 4230 scholiastae
853 4164 1125 4246 acquiescendum
1151 4174 1211 4249 est,
1237 4186 1347 4246 quam·

179 4289 384 4297 --.-.-—---—-ae-—-

223 4321 351 4400 ll>Curre
370 4338 429 4376 cum
449 4323 489 4376 ita
508 4338 537 4376 se
564 4320 690 4391 habeant,
721 4324 772 4378 hoc
799 4323 857 4378 loeo
885 4324 918 4379 de
948 4324 1146 4393 significatione
1173 4308 1247 4380 verbi
1275 4321 1347 4402 τᾶπη

277 4429 330 4467 non
349 4411 485 4484 agendum
504 4416 554 4466 est.
