3184 4994
690 386 913 450 ...13-

215 604 295 651 vero
320 584 548 665 plerarumque
573 581 760 649 februarum
778 587 924 664 tempora
941 600 1006 647 nou
1023 599 1157 663 prorsus
1173 582 1288 660 ignota
1304 583 1392 645 sunt.

215 690 420 773 Quaeramus
442 691 563 776 igitur,
588 709 663 757 num
689 697 749 755 aut
772 708 843 754 eam
866 687 1010 754 fabulam
1028 689 1109 770 eius,
1134 707 1218 768 quae
1235 687 1393 753 hecanno

216 799 310 866 docta
334 805 396 875 est,
421 804 480 865 aut
505 807 594 865 certe
618 790 764 878 aliquam
788 796 859 862 eius
883 796 1089 881 comoediam,
1115 815 1199 876 quae
1224 795 1285 860 hoc
1309 812 1393 858 anno

216 906 312 972 decta
347 924 421 972 esse
457 906 579 988 possit,
619 905 795 971 enucleare
834 918 1028 984 queamus·
1060 903 1244 982 Utrumque
1292 906 1394 983 negat

218 1013 502 1094 Wilamowitzius,
527 1012 582 1094 qui
614 1012 678 1078 sibi
701 1011 868 1108 persuasit
899 1011 1025 1093 primae
1058 1010 1231 1092 Eupolidis
1261 1008 1395 1075 fabulae

126 1169 129 1176 -
216 1141 259 1187 ue
282 1121 417 1187 titulum
447 1120 575 1202 quidem
608 1119 761 1185 relictum
796 1136 875 1183 esse.
922 1119 1036 1199 Neque
1068 1117 1202 1184 dubium
1228 1125 1289 1200 est,
1316 1116 1392 1197 quin

217 1229 277 1294 hoe
300 1229 373 1294 fieri
396 1227 558 1309 potuerit;
583 1227 776 1312 Νονμηνίας
804 1225 890 1291 euim
914 1225 1088 1306 Eupolidis
1113 1225 1182 1289 solo
1206 1224 1396 1289 Acharneu-

218 1337 301 1402 sium
349 1341 543 1417 argumento
589 1334 750 1415 novimus,
798 1333 884 1398 uude
934 1332 999 1399 viri
1053 1332 1139 1398 docti
1191 1331 1397 1412 collegerunt

218 1461 289 1508 eam
329 1443 369 1509 ab
405 1439 568 1524 Eupolide
602 1442 674 1524 ipso
710 1440 852 1506 deletam
899 1458 980 1523 esse.
1039 1440 1109 1505 Iam
1142 1440 1246 1523 igitur
1285 1438 1395 1503 denuo

218 1551 439 1632 quaerendum
485 1544 552 1635 est,
600 1568 675 1615 uum
712 1559 788 1630 ¹qua
833 1567 874 1614 ex
920 1549 967 1614 cis
1014 1548 1158 1631 fabulis,
1218 1564 1300 1628 quas
1354 1547 1396 1610 ab

219 1657 381 1739 Eupolide
405 1658 548 1740 scriptas
572 1675 646 1724 esse
669 1657 800 1738 scimus,
826 1657 887 1721 hoc
911 1675 996 1722 anuo
1016 1657 1073 1739 agi
1105 1654 1259 1737 potuerit.
1305 1654 1398 1719 Inter

218 1765 340 1849 primas
375 1774 484 1831 autem
521 1766 593 1831 eius
628 1764 758 1831 fabulas
796 1761 997 1849 Ταξιάρχονς
1036 1764 1142 1830 fuisse
1167 1768 1307 1844 constat,
1332 1781 1397 1842 urta
1496 1790 1501 1804 ·

218 1873 368 1938 Bacchus
404 1872 484 1939 deus
519 1891 539 1937 a
577 1872 781 1956 Phormione,
804 1872 899 1939 duce
933 1871 1198 1954 Atheniensium,
1245 1869 1397 1936 militiam

220 1980 352 2067 discens
375 1980 617 2062 producebatur
653 1980 774 2059 (Schol.
799 1979 852 2047 ad.
893 1979 994 2045 Arist.
1021 1980 1094 2046 Pac.
1122 1982 1207 2060 347).
1232 1976 1396 2060 Phormio,

221 2088 339 2172 autem,
364 2087 418 2181 nir
452 2086 591 2175 miiitiae
628 2086 862 2170 peritissimus,
899 2087 964 2152 iam
1001 2087 1093 2152 bello
1123 2087 1231 2152 Samio
1266 2093 1399 2166 praetor

221 2193 285 2259 fuit
308 2193 423 2277 (Thuc.
447 2192 474 2274 Ι,
503 2199 575 2278 117,
602 2195 645 2275 2).
691 2192 783 2259 Idem
814 2200 893 2259 aute
926 2194 1049 2259 bellum
1073 2194 1397 2274 Peloponnesiacum,

222 2319 295 2366 cum
318 2300 424 2382 legati
440 2302 633 2366 Acarnanes
658 2301 699 2366 ab
714 2301 974 2367 Atheniensibus
998 2301 1157 2368 adversus
1170 2299 1399 2365 Ambraciotas

223 2409 382 2474 auxilinm
406 2408 614 2494 petivissent,
639 2410 673 2475 in
697 2408 772 2474 illas
795 2411 951 2490 regiones
964 2410 1082 2475 missus
1097 2416 1158 2491 est,
1184 2408 1240 2473 ubi
1256 2406 1400 2473 feliciter

197 2514 385 2599 'pugnavit
414 2516 527 2601 (Thac.
552 2517 596 2593 II,
623 2512 689 2600 68).
736 2515 831 2600 Quod
866 2536 930 2599 quo
967 2537 1051 2583 anuo
1086 2517 1210 2582 factum
1246 2514 1309 2601 sit,
1335 2533 1399 2579 uon

222 2631 362 2700 constat.
411 2624 514 2690 Paule
550 2631 627 2690 ante
662 2625 793 2690 initium
834 2626 912 2690 belli
950 2625 1222 2707 Peloponnesiaci
1247 2625 1281 2690 in
1306 2622 1400 2687 Chal·

223 2732 349 2799 cidiceu
375 2732 651 2813 praetermissus
675 2739 726 2798 est
750 2733 864 2816 (Thac.
889 2731 914 2817 1,
941 2737 993 2815 64,
1018 2733 1064 2814 ΙΙ,
1089 2732 1156 2818 29),
1181 2731 1236 2797 ubi
1270 2735 1400 2797 aestate

224 2840 302 2904 atini
325 2845 391 2905 430
427 2840 491 2905 iam
526 2858 591 2905 non
626 2840 960 2923 versabaturl'l’huc.
984 2841 1028 2926 II,
1055 2845 1107 2922 58,
1134 2838 1252 2922 33111,
1280 2844 1331 2918 17,
1359 2839 1401 2918 2).

225 2946 342 3012 Hieme
366 2948 444 3011 anni
468 2945 593 3029 4aol29
632 2967 703 3014 cum
739 2949 861 3032 viginti
886 2950 1027 3014 navibus
1051 2948 1256 3031 Naupactum
1280 2947 1402 3012 missus

225 3054 330 3119 sinum
368 3053 550 3120 Orissaeum
588 3055 776 3121 custodivit.
824 3056 981 3122 Eiusdem
1014 3056 1092 3120 anni
1127 3060 1256 3119 aestate
1299 3071 1402 3119 naves

224 3148 536 3243 Peloponnesiorum
574 3162 623 3228 bis
659 3163 739 3229 vicit
764 3163 875 3241 (Thuc.
900 3164 945 3249 II,
970 3169 1013 3228 80
1024 3165 1118 3244 squ).
1165 3161 1293 3227 Deinde
1314 3160 1402 3225 hello

225 3289 283 3351 per
307 3270 443 3336 hiemem
468 3267 594 3353 429l28
618 3269 651 3335 iu
677 3271 865 3336 Acarnania
877 3279 971 3353 gesto
984 3289 1063 3336 vere
1076 3272 1154 3335 auui
1176 3276 1241 3334 498
1254 3271 1402 3333 Athenas

227 3379 375 3444 revertit.
423 3375 602 3445 Praeterea
642 3379 727 3460 apud
764 3380 987 3463 Thucydidem
1023 3380 1063 3444 de
1098 3379 1295 3444 Phormione
1330 3376 1402 3457 ipso

227 3487 309 3551 nihil
333 3494 498 3569 narratur,
523 3494 650 3554 aestate
676 3507 756 3554 vero
780 3488 857 3553 anui
871 3495 936 3553 428
954 3489 1145 3553 Acarnanes
1169 3486 1403 3552 ahAthenien·

227 3594 318 3658 sibus
353 3596 553 3679 petiverunt,
593 3603 630 3662 ut
669 3597 732 3663 sihi
772 3597 934 3678 quendam
974 3596 1014 3660 de
1053 3603 1152 3677 gente
1197 3592 1403 3659 Phormionis

230 3701 405 3782 mitterent,
437 3706 557 3785 quibus
592 3704 738 3771 obsecuti
766 3704 986 3769 Athenienses
1017 3702 1171 3783 Asopium
1196 3699 1403 3766 Phormionis

230 3806 331 3874 lilium
353 3817 536 3892 praetorem
560 3819 756 3879 creaverunt
779 3811 894 3895 (Theo.
917 3811 980 3892 ΙΙΙ,
1007 3811 1050 3892 7).
1320 3802 1325 3812 ’

337 3917 513 3984 Praeterea
539 3919 698 3985 Androtio
723 3919 837 4003 (schol.
864 3919 913 3983 ad.
937 3919 1013 3984 Pac.
1032 3915 1109 4002 347)
1133 3917 1215 3982 hatee
1238 3915 1278 3980 de
1301 3915 1403 3980 Phor·

230 4024 339 4089 mione
363 4024 397 4089 iu
420 4026 520 4091 tertio
543 4026 626 4092 libro
651 4028 836 4093 Atticorum
853 4013 1070 4091 narraverat:

335 4125 372 4194 ‘0
398 4136 553 4215 Φορμίων
575 4133 610 4197 δὲ
646 4119 740 4205 οὗτος
763 4129 931 4219 Ἀθηναῖος
950 4136 998 4216 'aqi
1021 4136 1116 4215 γένει,
1141 4126 1211 4201 eide
1238 4125 1403 4203 Ἀσωπίαν,

230 4236 264 4312 ὃς
288 4243 441 4325 καθαρῶς
475 4237 694 4327 στρατηγήσας
717 4246 819 4327 πένης
843 4236 982 4320 ἐγένετο.
1005 4235 1187 4320 decanicis
1222 4237 1257 4300 δὲ
1291 4240 1336 4322 aqi
1358 4232 1404 4320 μὴ

231 4345 394 4414 δύνασθαι
426 4344 484 4421 τὰς
520 4345 709 4434 ράμνανςῑῑ)
743 4351 800 4434 τῆς
830 4343 972 4435 εὐθύνης
1014 4342 1202 4411 α’παδοῦναι
1235 4341 1280 4416 Δἐν
1314 4335 1404 4429 α’γρῴ

298 4494 331 4560 ¹¹)
351 4492 451 4564 Bergk.
470 4492 586 4549 correxit
605 4515 621 4569 ρ
639 4491 718 4570 μνᾶς.
