3184 4994
752 429 956 491 ,50-

251 620 459 704 remanserit,
483 639 547 687 non
570 628 711 689 constat.
743 606 841 688 ¹Nam
865 639 968 688 exeo
991 622 1130 688 alterius
1153 620 1307 704 Autolyci
1339 619 1427 704 trag'·

251 734 371 808 mento,
396 745 460 808 000
483 728 652 812 Imegmae
672 734 951 811 commemoratur,
975 728 1060 794 nihil
1084 729 1197 811 colligi
1215 746 1311 810 posse
1326 744 1426 810 supra

249 834 483 901 demonstrari.
532 835 600 902 Sed
632 841 762 901 constat
796 853 882 901 anno
917 840 993 920 400,
1031 854 1093 916 quo
1128 854 1213 902 anno
1237 834 1425 902 Andocides

251 941 431 1009 orationem
457 942 497 1007 de
521 942 688 1024 mysteriis
711 943 837 1024 habuit,
862 943 1041 1025 Leogoram
1064 943 1126 1008 iam
1143 943 1247 1009 fnisse
1263 950 1425 1008 mortuum

252 1047 574 1132 (00000000140).
622 1050 699 1115 Alio
726 1068 805 1117 vero
838 1050 982 1116 eiusdem
1016 1051 1174 1117 orationis
1198 1052 1268 1116 loco
1293 1050 1424 1117 demon·

251 1156 351 1247 strari
375 1162 485 1238 potest
507 1157 688 1239 Leogoram
713 1158 779 1223 iam
803 1158 971 1238 aliquanto
995 1163 1073 1224 ante
1097 1157 1299 1224 Andocidem
1329 1158 1424 1231 resti·

243 1269 356 1330 tutum
382 1266 442 1330 hoo
466 1272 517 1330 est
542 1270 619 1337 ante
642 1284 762 1331 annum
787 1269 852 1330 403
877 1266 1017 1331 Athenis
1041 1284 1104 1332 non
1130 1265 1241 1332 fuisse.
1276 1264 1423 1346 Inpare-

251 1372 376 1454 00οῃ00
400 1372 485 1437 eninr
517 1378 576 1443 146
601 1371 786 1438 Andocides
809 1372 889 1439 haer
913 1372 1011 1437 dicit:

350 1472 382 1563 (ἡ
405 1470 598 1542 Ἀνδοκίδου
618 1480 673 1542 καὶ
697 1474 868 1562 Λεωγόρου
892 1475 995 1561 οἰκία)
1030 1471 1100 1542 τότ’
1135 1459 1175 1564 ἦν
1210 1475 1343 1555 ὄνειδος,
1368 1470 1422 1542 ὅτε

231 1583 332 1668 Ᾰέμοῦ
354 1582 530 1669 φεύγοντος
553 1586 710 1669 Κλεοφῶν
733 1580 750 1650 ὁ
774 1581 954 1671 λυροποιὸς
976 1581 1080 1650 adedo
1104 1583 1190 1672 ᾤκει.

354 1693 389 1760 Si
414 1698 524 1759 alutem
538 1695 702 1776 [leogoras
726 1696 797 1776 ipso
815 1695 954 1779 Athenis
976 1693 1113 1777 luisset„
1132 1682 1273 1776 Cleopho
1293 1695 1420 1783 domum

250 1802 320 1868 eius
333 1819 493 1883 occupare
505 1819 570 1866 non
581 1804 701 1882 potnit.
725 1802 868 1883 01000100
881 1820 959 1868 vero
972 1804 1059 1868 cirea
1071 1820 1191 1867 annum
1205 1806 1270 1867 410
1295 1802 1419 1868 adrem

250 1909 413 1990 publicam
424 1908 573 1994 accessit,
588 1908 675 1974 circa
688 1928 808 1975 annum
821 1913 888 1974 408
901 1927 1058 1975 summam
1082 1910 1314 1975 auctoritatem
1335 1927 1421 1999 asse·

250 2023 343 2081 entus
358 2013 1032 2095 00οΗ10100010000001000(100000111οι0
1047 2016 1088 2080 ab
1101 2034 1138 2081 eo
1148 2023 1336 2098 occupatam
1351 2035 1422 2082 esso

249 2140 375 2188 censeo.
422 2125 491 2187 Ant
515 2121 619 2203 igitar
643 2123 811 2205 heogoras
834 2142 920 2189 anno
944 2128 1008 2188 415
1034 2141 1105 2187 000
1130 2123 1198 2188 filio
1222 2125 1256 2188 in
1287 2123 1420 2189 exilium

248 2229 418 2313 profectus
453 2235 504 2294 est
538 2237 594 2294 aut
623 2247 682 2310 per
705 2239 834 2310 tempus
858 2230 952 2295 exilii
976 2231 1049 2295 eius
1072 2238 1208 2295 mortem
1233 2231 1324 2295 obiit.
1371 2231 1421 2295 Ex

249 2357 288 2404 ea
312 2338 398 2403 enim
423 2338 582 2418 oratione,
618 2355 712 2418 quam
750 2355 835 2402 anno
864 2344 929 2403 410
954 2338 995 2403 de
1018 2337 1129 2403 reditu
1152 2357 1211 2403 sno
1234 2337 1420 2404 Andocides

247 2445 373 2524 hebuit,
399 2445 540 2525 perspici
564 2462 627 2508 non
653 2452 772 2527 potest,
797 2462 872 2509 num
898 2445 1064 2526 Leugoras
1088 2446 1154 2510 iam
1179 2451 1246 2510 tum
1272 2450 1419 2510 mortuns

248 2551 360 2623 fuerit.
407 2551 557 2616 Platonis
581 2546 685 2632 igitur
707 2551 878 2634 Perialges
903 2552 975 2618 sine
999 2551 1101 2617 dubio
1129 2553 1296 2618 nonnullis
1326 2552 1420 2618 annis

247 2664 326 2725 ante
354 2676 474 2723 0000ιο
497 2661 562 2724 403
587 2665 660 2723 aeta
685 2665 746 2725 est.
785 2660 895 2739 Atque
919 2676 958 2723 ne
976 2664 1049 2739 poet
1065 2677 1184 2725 annum
1207 2659 1336 2740 quidem
1354 2665 1417 2724 415

248 2768 333 2833 hanc
357 2764 503 2831 fabulam
528 2779 635 2830 aotam
660 2784 732 2832 esse
757 2775 842 2847 puto.
879 2766 960 2832 Nam
987 2766 1045 2831 illa
1069 2768 1278 2832 accusatione
1302 2778 1335 2831 ot
1359 2765 1418 2830 11111

247 2874 345 2940 exilio
368 2871 540 2938 ineundam
565 2879 599 2938 et
622 2874 837 2954 tranquillam
862 2874 1028 2956 Leogorae
1053 2874 1152 2940 vitam
1181 2874 1268 2939 haurd
1302 2873 1420 2939 leviter

247 2982 413 3046 turbatam
437 2998 510 3045 esse
534 2999 661 3046 censeo.
696 2981 813 3061 Itaque
835 2982 914 3046 milri
938 2980 1071 3046 dubium
1098 2999 1161 3046 non
1186 2980 1326 3060 videtur,
1340 2982 1419 3062 quin

247 3107 305 3171 per
339 3096 517 3168 temporum
552 3087 714 3153 rationem
749 3088 920 3169 Perialges
952 3106 991 3152 ea
1014 3086 1128 3152 fabula
1151 3106 1222 3153 esse
1244 3087 1360 3169 possit,
1384 3089 1418 3152 10

247 3215 312 3278 qua
335 3196 394 3261 illa
418 3195 457 3260 de
481 3194 672 3276 Hyperbolo
697 3196 799 3261 verba
822 3204 926 3261 erant.

354 3303 474 3369 Eadem
512 3309 563 3368 est
597 3302 710 3368 Cobeti
746 3302 921 3383 sententia,
950 3302 1010 3368 sed
1033 3301 1062 3368 is
1086 3302 1186 3368 aliter
1209 3300 1250 3367 de
1274 3302 1418 3382 temporo

245 3411 527 3491 iudicat(p.173).
552 3409 603 3474 Ex
616 3408 744 3475 nomine
758 3410 842 3476 enim
856 3409 999 3491 fabulae,
1017 3428 1079 3490 qno
1096 3408 1303 3492 significatur
1325 3410 1417 3474 homo

245 3536 403 3596 morosus,
427 3518 483 3598 qui
500 3517 696 3598 demagogos
713 3517 923 3600 aegrescunt,
948 3536 1018 3582 eam
1044 3517 1086 3582 iis
1110 3519 1207 3582 annis
1223 3522 1328 3581 artant
1347 3534 1418 3583 esse

247 3625 383 3707 colligit,
419 3626 539 3705 quibus
573 3623 647 3706 lege
682 3622 849 3706 Syracosii
886 3624 1071 3690 comoediae
1106 3624 1242 3690 libertas
1267 3624 1418 3705 adempte

245 3739 307 3810 est,
331 3734 392 3798 hoc
416 3739 469 3797 est
492 3738 567 3814 post
591 3750 713 3796 annum
737 3733 811 3797 415.
857 3731 947 3799 Idem
972 3733 1064 3812 sequi
1088 3738 1185 3812 putat
1209 3751 1251 3797 ex
1275 3751 1313 3798 eo
1330 3732 1417 3815 frag-

245 3846 363 3924 mento,
400 3856 463 3920 000
499 3839 574 3904 Cleo
609 3838 803 3905 nominatur.
852 3840 932 3905 Nam
971 3839 1150 3922 Platonem,
1187 3840 1271 3920 quod
1304 3839 1417 3905 adver·

245 3948 351 4013 serios
385 3965 462 4011 suos
497 3954 630 4027 propter
664 3946 768 4029 legem
805 3947 893 4011 illam
931 3947 963 4012 in
992 3964 1121 4012 scenam
1153 3946 1329 4028 producere
1354 3966 1416 4012 000

245 4055 416 4136 potuisset,
435 4054 593 4119 hominem
613 4072 772 4120 morosum
787 4054 826 4120 de
838 4053 1029 4136 demagogis
1042 4062 1230 4135 querentem
1248 4054 1417 4120 induxisse

245 4167 349 4243 putat,
395 4162 457 4227 Sed
492 4162 574 4227 haec
608 4161 830 4227 incertissima
865 4169 952 4245 sunt,
988 4180 1060 4227 cum
1087 4162 1256 4227 nonsatis
1281 4171 1418 4242 constet,

244 4269 322 4350 quid
346 4267 405 4334 illa
429 4269 502 4352 lege
527 4269 665 4335 vetitum
683 4268 846 4353 fuer·it³⁸).
881 4268 971 4335 Nihil
985 4269 1101 4352 igitur
1117 4267 1228 4335 dicere
1245 4288 1416 4350 possumus

274 4378 488 4478 *θη-’1100101100
505 4426 532 4481 p.
551 4409 586 4464 19
605 4424 662 4476 sqq.
681 4407 715 4463 de
733 4423 765 4463 ea
783 4424 813 4463 re
831 4410 984 4465 accuratius
1002 4410 1069 4479 egit.
