3184 4994
388 1050 457 1115 Iam
483 1049 564 1115 lieet
588 1049 732 1116 transire
763 1051 803 1116 ad
828 1051 967 1116 alteram
1004 1050 1290 1116 commentationis
1325 1057 1460 1116 nostrae

282 1163 422 1240 portent,
446 1157 478 1223 id
503 1165 554 1224 est
578 1157 619 1221 ad
642 1162 780 1242 tempus,
806 1157 891 1237 quod
914 1157 1057 1224 interest
1082 1158 1168 1225 inter
1191 1177 1310 1224 anuum
1335 1163 1400 1223 420
1425 1167 1459 1224 et

281 1268 359 1341 405,
384 1265 424 1329 de
447 1283 510 1346 quo
541 1265 696 1345 temporis
720 1266 828 1345 spatio
854 1264 1128 1332 Wilamowitzius
1165 1284 1227 1330 uon
1264 1265 1459 1348 disputavit.

282 1372 320 1438 In
355 1374 416 1437 hoc
451 1378 597 1454 ternpore
632 1382 739 1437 autem
775 1372 1089 1447 tractandosuurmi
1113 1372 1266 1438 momenti
1290 1380 1341 1439 est
1365 1392 1459 1454 pana·

282 1481 370 1546 basis
393 1481 548 1555 Nuhium,
574 1497 638 1560 qua
664 1479 782 1544 multos
808 1486 921 1560 poetas
946 1480 1091 1546 aemulos
1121 1480 1361 1561 Aristophanes
1385 1499 1458 1562 per·

264 1586 426 1670 stringit.
472 1587 566 1652 Inter
590 1574 836 1653 omnes‘autem
863 1587 949 1653 vires
973 1588 1087 1652 doctos
1110 1593 1240 1652 constat
1264 1605 1335 1653 eam
1360 1608 1455 1669 para·
1565 1664 1566 1679 ρ

280 1694 370 1761 basis
394 1700 531 1777 partem,
568 1711 653 1774 quae
690 1694 821 1775 proprie
857 1694 1027 1774 parahasis
1063 1694 1257 1777 appellatur,
1294 1693 1328 1759 in
1353 1695 1456 1775 primu

281 1803 423 1868 Nubium
449 1801 593 1867 editione
618 1819 680 1865 non
706 1799 818 1865 fuisse.
855 1799 1082 1884 Quaerendum
1111 1801 1213 1882 igitur
1236 1810 1288 1866 est
1309 1802 1451 1886 primum,

284 1929 364 1989 quas
389 1907 520 1975 fabulas
544 1907 605 1973 hac
629 1908 783 1989 parabasi
808 1908 1048 1990 Aristophanes
1073 1908 1234 1990 attigerit,
1259 1907 1446 1988 deindeque

282 2023 430 2098 tempore
454 2017 526 2098 ipsa
550 2017 723 2098 parabasis
746 2015 871 2095 scripta
894 2015 1056 2097 videatur,
1081 2024 1118 2080 ut
1130 2033 1240 2081 earum
1258 2013 1446 2101 fabularum,

278 2143 362 2204 quae
386 2132 687 2206 commemorantur,
714 2130 862 2204 tempora
888 2122 1089 2189 definiamus.

385 2237 412 2297 A
450 2250 547 2297 versu
580 2236 644 2296 518
681 2231 724 2296 ad
759 2236 823 2295 538
859 2235 954 2311 poeta
992 2230 1210 2296 Athenienses
1246 2230 1454 2296 vehementer

278 2340 457 2425 vituperat,
493 2338 579 2420 quod
614 2338 687 2403 illos
726 2333 847 2421 ἄνδρας
880 2333 1058 2421 φορτικούς
1094 2337 1188 2420 (dicit
1224 2337 1392 2403 Cratinum
1423 2344 1456 2402 et

279 2447 471 2529 Amipsiarn)
506 2445 570 2512 sibi
593 2445 857 2527 anteposuissent
880 2452 914 2510 et
942 2445 1096 2526 explicat,
1122 2464 1180 2512 cur
1203 2444 1313 2510 Nubes
1336 2445 1454 2510 iterum

278 2555 494 2621 extribendam
519 2553 686 2621 statuerit.
734 2553 861 2619 Deinde
885 2552 1006 2636 pergit:

368 2656 410 2733 ὦς
434 2662 469 2725 δὲ
492 2657 628 2745 σώφρων
651 2656 719 2724 ἐστι
742 2656 848 2744 φύσει,
872 2651 1050 2747 σκέψασθ’·
1075 2651 1143 2744 ἥτις
1166 2658 1280 2741 πρῶτα
1305 2655 1367 2736 μὲν

367 2762 462 2832 οὐδὲν
484 2748 568 2852 ἦλθε
593 2761 774 2855 ῥαψαμένη
798 2769 928 2830 σκυτίον
952 2769 1156 2847 καθιέμενον

367 2870 511 2961 ἐρυθρὸν
535 2870 569 2950 ἐξ
589 2866 693 2959 α’κροῦ
716 2869 1077 2953 capdecanacum
1101 2864 1146 2936 ἵν’
1167 2856 1187 2960 ᾗ
1212 2870 1316 2951 γέλως·

279 2991 343 3051 sto
368 2976 440 3047 οὐδ’
461 2981 593 3070 ἔσκωψε
616 2976 692 3054 τούς
714 2978 916 3066 φαλακρούς,
940 2976 1015 3045 οὐδὲ
1038 2976 1172 3066 κόρδαχ’
1196 2977 1353 3064 εἱλκνσεν,

368 3086 443 3155 οὐδὲ
465 3087 647 3176 πρεσβύτης
670 3083 688 3152 ὅ
712 3091 813 3170 λέγων
835 3086 926 3176 τᾶπη
950 3090 990 3178 τῇ
1012 3091 1175 3176 βακτηρίᾳ

366 3195 485 3262 τύπτει
508 3192 568 3261 τὸν
591 3189 733 3281 παρόντ’
756 3188 922 3280 ἀφανίζων
944 3192 1074 3281 πονηρὰ
1099 3193 1288 3280 σκώμματα,

367 3298 438 3370 οὐδ’
461 3302 563 3392 εἰσῇξε
587 3305 686 3389 δᾷδας
710 3296 828 3383 ἔχοντ’,
853 3296 924 3366 οὐδ’
948 3298 1000 3367 iot)
1023 3299 1077 3366 ιὀὐ
1099 3307 1171 3389 βοᾷ,

368 3406 441 3477 ἄλλ’
465 3405 547 3500 αὐτῇ
570 3412 717 3482 καὶτοῖς
740 3407 855 3474 ἔπεσιν
878 3401 1069 3474 πιστεύονσ’
1091 3406 1265 3494 ἐλήλυθεν.

385 3521 477 3587 Haec
512 3520 546 3585 in
585 3519 728 3587 aemulos
751 3524 875 3600 poetes
910 3518 1033 3601 scripta
1068 3535 1139 3584 esse
1174 3523 1327 3598 apparet,
1371 3510 1454 3594 quod

278 3630 377 3696 etiam
402 3629 443 3706 ei,
479 3629 533 3709 qui
569 3628 706 3699 scholia
728 3626 761 3691 in
784 3628 844 3692 hos
867 3645 984 3694 versus
1009 3627 1224 3707 scripserunt,
1249 3621 1455 3688 intellexisse

279 3738 442 3805 ridentur.
479 3736 550 3802 Μαι
574 3736 704 3817 quidem
729 3735 892 3801 sententia
915 3734 1083 3800 Luebkius
1106 3733 1150 3815 (p.
1166 3737 1209 3797 46
1222 3732 1303 3811 sqq.)
1329 3731 1362 3794 in
1386 3724 1456 3793 uni-

277 3864 408 3913 versum
431 3850 524 3910 recte
560 3845 599 3911 de
634 3844 684 3910 his
720 3843 870 3910 versibus
905 3840 1097 3922 disputavit.
1145 3840 1180 3905 Is
1212 3838 1297 3904 euim
1321 3833 1455 3901 scholiis

279 3952 455 4036 diligenter
478 3951 639 4017 adhibitis
662 3969 778 4017 versus
803 3955 878 4034 538,
904 3954 968 4014 539
992 3947 1027 4013 in
1051 3946 1224 4029 Eupolidis
1236 3942 1454 4026 Prospaltios‚

279 4066 355 4142 541,
382 4065 446 4125 548
478 4061 512 4124 in
537 4059 753 4140 Hermippum
778 4064 880 4138 atque
908 4056 978 4121 eius
1002 4063 1144 4122 actorem
1169 4055 1367 4120 Hermonem
1400 4045 1456 4115 vel

279 4167 510 4234 Simermonem
546 4168 685 4248 scriptos
720 4183 792 4231 esse
827 4165 918 4230 dicit.
964 4162 1036 4229 Hoc
1070 4161 1272 4229 Zielinskius
1307 4157 1456 4241 (Quaest.

280 4276 391 4341 comio.
415 4276 611 4342 Russisches
636 4274 745 4356 Organ
781 4270 836 4336 fiir
870 4270 1179 4352 Volksuuiklitrnng
1220 4273 1301 4333 1886
1326 4286 1354 4332 ν.
1391 4268 1456 4329 848

278 4403 307 4465 p.
335 4385 389 4464 75)
414 4392 524 4467 negat,
560 4395 734 4464 propterea
769 4380 853 4461 quod
887 4378 951 4445 sibi
985 4381 1154 4462 persuasit
1191 4377 1454 4457 Aristophanem,
