3184 4994
700 351 920 414 ...15-

225 546 363 613 urionem
376 545 495 613 referri
511 564 576 615 non
590 550 736 626 possunt.
763 545 875 624 Atque
898 545 978 609 haec
1002 543 1104 608 verba
1129 542 1188 625 ita,
1215 547 1252 607 01
1277 540 1404 606 tradita

225 660 312 736 sunt,
326 652 473 719 Kookius
486 652 609 734 optimo
622 652 815 739 explicavit.
836 652 929 716 Dicit
947 651 1033 715 enim
1047 650 1277 715 Phormionem
1301 650 1405 729 impe·

225 779 309 847 rare,
328 766 365 827 nt
386 765 533 826 scortum
557 759 718 840 quoddam
732 778 751 823 a
764 758 892 823 Baccho
908 757 941 821 in
955 763 1067 822 castra
1079 758 1254 822 adductum
1270 773 1403 822 venum·

225 867 332 933 detur.
358 867 392 934 Si
411 875 520 934 autern
538 867 619 932 haee
636 866 822 948 fragmenta
843 864 885 929 ad
898 864 1129 930 Phormionem
1143 882 1207 928 non
1221 864 1405 946 pertinent,
1449 943 1454 955 .

224 994 289 1040 non
314 984 376 1060 est,
413 974 497 1056 quod
533 974 755 1055 fragmentum
779 973 940 1057 incertum
966 971 1109 1053 (318)¹2)
1134 970 1174 1036 od
1199 971 1292 1036 illum
1317 970 1408 1035 reio«

224 1102 346 1149 ramus.
395 1083 446 1149 En
469 1081 680 1163 ipsisigitur
704 1078 913 1168 fragmentis
924 1078 1005 1155 nihil
1030 1079 1251 1144 demonstrari
1282 1083 1405 1159 potesta

230 1191 295 1255 nisi
312 1189 479 1257 Baoohnm
496 1206 515 1252 a
531 1187 727 1255 Phormione
752 1182 906 1264 militiam
932 1186 1095 1268 didicisse.
1126 1186 1245 1267 ltaque
1268 1185 1350 1250 nihil
1367 1185 1406 1250 de

224 1298 322 1363 huius
345 1295 481 1361 fabulae
505 1301 651 1376 tempore
675 1300 828 1360 eorrstare
852 1294 994 1379 videtur,
1019 1293 1084 1359 nisi
1108 1313 1178 1359 eam
1203 1294 1275 1358 sine
1306 1293 1404 1358 dubio

225 1404 340 1487 primis
365 1403 446 1469 belli
471 1402 743 1484 Peloponnesiaci
767 1401 862 1467 annis
887 1407 993 1466 aotam
1019 1420 1100 1468 esse.

333 1510 483 1578 Secundo
506 1511 576 1576 loeo
600 1509 635 1576 in
659 1528 791 1575 censum
814 1509 908 1575 venit
932 1528 971 1575 ea
995 1498 1109 1575 tabula
1133 1508 1319 1590 Eupolidis,
1351 1509 1404 1573 oui

225 1610 317 1699 Αἷγες
354 1619 548 1700 inscriptum
589 1625 649 1684 est.
712 1617 795 1683 Nam
833 1617 897 1682 ianr
949 1617 1139 1683 Mainekius
1186 1617 1228 1697 lp.
1271 1621 1345 1696 116)
1369 1622 1404 1687 et

225 1728 388 1810 Bergkius
412 1728 454 1806 (p.
481 1727 558 1808 333)
595 1732 824 1808 cognoverunt
860 1744 929 1791 earn
966 1744 1031 1791 non
1055 1730 1129 1808 post
1153 1745 1182 1788 a.
1207 1731 1273 1790 424
1298 1732 1403 1798 aotam

224 1854 306 1902 esse.
351 1836 431 1901 Nam
457 1833 644 1916 fragmento
671 1839 710 1899 19
724 1834 880 1916 (Hesyeh.
894 1851 919 1898 s.
932 1851 963 1898 v.
977 1826 1083 1917 ἱερεὺς
1106 1827 1285 1896 Λιονύσοο.
1297 1833 1403 1918 Sahol.

223 1963 294 2009 rau.
326 1943 404 2025 303)
430 1941 634 2025 Hipponieus
658 1943 698 2006 ob
723 1940 843 2015 laoiern
862 1941 1080 2010 ,rubicundam
1106 1940 1275 2007 irridetur.
1323 1940 1405 2021 Hip·

224 2049 360 2132 ponious
384 2047 885 2131 001030311130111130,6311133
909 2054 1014 2128 pater,
1039 2066 1125 2113 anno
1142 2053 1208 2113 424
1232 2049 1267 2112 ia
1293 2065 1404 2130 pugna·

227 2158 268 2222 ad
292 2157 427 2222 Delium
452 2154 581 2220 oeoidlt.
629 2155 701 2219 Iam
726 2155 828 2236 igitur
851 2162 982 2221 constat
1005 2155 1151 2220 fabulam
1182 2155 1270 2220 inter
1302 2173 1404 2221 annos

226 2267 291 2328 429
328 2271 363 2329 et
401 2267 467 2327 424
502 2244 609 2327 aetem
645 2280 729 2328 esse.
788 2254 828 2326 In
863 2279 927 2342 qua
951 2261 1140 2328 definitione
1165 2262 1267 2327 ueteri
1292 2261 1403 2345 aequi-

226 2376 358 2453 verunt‚
377 2370 655 2437 Wilamowitzius
671 2389 753 2436 vero
769 2370 893 2450 capras
911 2390 938 2435 3.
955 2374 1020 2434 433
1046 2376 1151 2435 aetam
1177 2389 1250 2436 esse
1274 2370 1404 2435 demon·
1488 2384 1491 2389 ·

226 2487 333 2544 strare
357 2477 470 2545 studet
493 2483 527 2544 01
551 2477 591 2543 ad
615 2477 793 2544 honorem
817 2477 951 2544 adhibet
974 2477 1193 2561 fragmentum
1221 2483 1237 2541 1
1269 2477 1403 2561 (Athen.

228 2596 257 2672 3,
287 2588 404 2673 luem:

329 2691 419 2780 πλήν

226 2795 318 2877 ἅπαξ
338 2796 417 2866 ποτ’
441 2799 476 2864 ἐν
502 2805 651 2874 Φαίακος
674 2799 797 2885 ἔφαγον
822 2803 969 2888 καρίδας.

333 2911 385 2976 Ex
424 2930 487 2991 quo
526 2912 655 2993 oolligit
693 2910 840 2978 fabulam
875 2932 960 2977 auno
1000 2917 1066 2977 428
1112 2912 1221 2977 dooeri
1261 2914 1402 2978 nondum

226 3019 381 3099 potuisse.
430 3020 512 3083 Nam
537 3018 596 3084 illo
621 3027 767 3100 tempure
793 3020 972 3085 Phaeacum
998 3020 1150 3084 minorem
1176 3020 1291 3105 fuisse,
1306 3041 1402 3100 quarn

226 3128 282 3206 qui
307 3126 394 3191 dorni
419 3126 568 3206 hospites
593 3127 766 3208 exciperet.
803 3127 895 3192 Haeo
919 3128 1085 3193 sententia
1109 3127 1229 3193 nititur
1253 3129 1305 3193 his
1331 3148 1402 3194 ver-

226 3235 318 3300 sibus
343 3233 578 3314 Aristophanis
603 3233 699 3316 (Equ.
714 3233 917 3317 1375-—77h

225 3336 265 3404 τοὶ
291 3336 450 3425 μειράκια
473 3340 569 3403 ταυτὶ
590 3340 670 3420 λέγω
693 3336 756 3404 3·ἄο
780 3345 825 3427 τῷ
848 3338 953 3429 μύρῳ,

226 3441 247 3510 ὅ
270 3448 489 3528 στωμυλεῖται
511 3448 621 3511 τοιαδὶ
644 3445 831 3533 καθήμενα.

226 3551 325 3638 σοφὸς
349 3549 396 3636 γἰἲ
423 3557 532 3629 Φαίαξ
553 3556 660 3630 δεξιῶς
682 3548 773 3619 τὀὕκ
797 3549 984 3622 ἀπέθανεν.

227 3663 273 3727 At
297 3682 338 3728 ex
362 3664 422 3729 hoo
445 3665 517 3730 loeo
543 3664 623 3729 nihil
648 3664 759 3746 colligi
785 3685 881 3746 posse
906 3666 985 3731 mihi
1012 3666 1146 3732 videtur
1169 3667 1233 3733 nisi
1264 3668 1402 3733 admira·

228 3776 318 3835 tores
343 3771 502 3838 Phaeacis
527 3771 698 3838 admodum
722 3773 946 3840 adolescentes
971 3773 1086 3840 fuisso.
1136 3775 1267 3840 Phaeax
1290 3781 1402 3840 autem

228 3876 298 3958 ipse
322 3874 387 3942 iam
412 3877 538 3945 duobus
563 3880 659 3946 annis
683 3888 757 3962 post
786 3881 942 3961 Equitum
974 3882 1233 3948 commissionem
1270 3883 1402 3964 legatus

227 3985 260 4049 in
287 3983 435 4050 Siciliam
460 3987 579 4053 missus
604 3994 658 4054 est
672 3989 786 4071 (Thus.
804 3990 844 4074 V,
861 3994 893 4071 4,
913 3988 957 4072 5).
971 3989 1065 4054 Circa
1089 4008 1209 4055 annum
1235 4008 1312 4055 vero
1335 3995 1401 4056 413

226 4092 290 4157 iam
317 4091 471 4157 sodalioio
485 4093 612 4160 cuidam
626 4095 833 4177 optimatium
848 4097 1195 4178 praeerat.(Plutoroh.
1210 4098 1317 4165 Aloih.
1335 4100 1401 4179 13).

227 4201 327 4269 Nulla
362 4198 463 4282 igitur
500 4220 599 4267 eausa
635 4210 697 4289 est,
734 4224 792 4270 our
827 4206 951 4286 Caprae
987 4210 1051 4270 439
1079 4206 1131 4288 agl
1157 4225 1219 4271 non
1244 4209 1402 4287 potuerit.

300 4343 333 4410 ¹2)
353 4330 411 4398 αλλ’
430 4337 522 4413 ὥσπερ
541 4331 811 4424 ἵπαῳμοῦπιβαλιεῖς
830 4349 1000 4422 τρυσίππιον.
