3184 4994
732 382 954 446 „pou

253 576 289 641 in
313 576 394 658 ipsis
418 575 543 643 fabulis
567 583 871 658 commemorantur,
895 582 1046 660 tempora
1063 582 1266 664 argumentis
1283 583 1436 654 indicata

254 685 376 767 optima
401 685 644 751 confirmantur.
691 684 766 751 Una
790 686 974 767 Vesperum
1011 685 1192 755 didascalia
1227 709 1246 755 a
1282 692 1437 764 librariis

254 793 337 859 adeo
371 798 526 875 corrupta
562 800 623 874 est,
660 798 697 858 ut
733 793 796 858 viri
830 793 917 859 docti
954 793 994 859 de
1029 803 1174 877 tempora
1198 797 1270 864 eius
1297 798 1437 870 fabulae

253 901 491 968 dubitaverint.

358 1009 396 1074 In
421 1008 516 1074 libris
540 1008 627 1074 enim
651 1009 882 1091 manuscriptis
904 1011 985 1075 haec
1009 1015 1160 1077 exstant:

360 1112 522 1200 ἐδιδάχθη
564 1112 621 1178 ἐπὶ
662 1106 820 1201 ἄρχοντος
843 1107 1002 1197 'Auarico
1028 1111 1083 1181 διὰ
1121 1118 1308 1184 Φιλωνίδου
1324 1118 1368 1185 aa
1390 1126 1434 1212 τῇ

253 1222 352 1289 πόλει
376 1219 574 1305 ὀλυμπιάδι,
598 1227 621 1305 β
645 1203 703 1308 ἦν,
729 1220 774 1295 εἰς
789 1220 910 1309 λήναια
933 1225 989 1287 καὶ
1011 1221 1107 1289 ἐνίκα
1129 1229 1261 1310 πρῶτος
1286 1229 1429 1294 Φιλωνί-

254 1334 311 1418 δης
328 1328 515 1417 Προάγωνι,
529 1328 656 1395 aeaeae
680 1335 834 1416 πρέσβεσι
857 1333 974 1416 τρίτος.

360 1442 400 1506 In
426 1441 487 1505 hac
511 1439 691 1505 didascalia
714 1441 818 1505 verba
841 1458 940 1506 sensu
970 1458 1066 1506 cassa
1090 1437 1125 1503 ἐν
1143 1443 1183 1527 τῇ
1206 1438 1304 1506 πόλει
1328 1435 1429 1524 ὄλυμ-

252 1539 351 1613 r'nu'dc
385 1549 450 1614 iam
487 1568 506 1612 a
540 1547 784 1628 Kanngiessero
819 1554 946 1613 rnutata
970 1557 1047 1614 sunt
1071 1548 1104 1613 in
1130 1543 1166 1610 ἐν
1186 1552 1227 1637 τῇ
1249 1542 1432 1631 uli'dlop-

252 1653 360 1721 πιόδι.
407 1654 612 1738 Olympiadis
637 1655 722 1720 enim
746 1654 1069 1736 undenonagesimae
1093 1656 1198 1722 altero
1222 1676 1309 1724 anno
1341 1660 1432 1725 Ami·

253 1766 327 1831 nias
365 1763 439 1846 (pro
472 1757 618 1844 Ἀμυνίου
654 1762 739 1828 enim
765 1753 925 1842 Ἀμεινίου
950 1763 1194 1829 restituendum
1219 1767 1283 1845 esi)
1308 1767 1430 1831 archon

253 1872 328 1938 fuit.
375 1870 564 1936 Diodorfius
588 1870 669 1936 haee
692 1870 785 1936 uncis
809 1870 942 1936 inclusit
966 1873 1066 1938 verba
1081 1878 1198 1955 postea
1213 1871 1338 1937 inserta
1356 1891 1429 1938 esse

253 1987 377 2046 ratus
404 1979 518 2060 Neque
553 1978 638 2043 enim
672 1996 807 2058 usquam
845 1977 879 2042 in
910 1978 1058 2059 reliqniis
1091 1978 1299 2045 didascalicis
1328 1981 1430 2062 olym-

253 2088 365 2169 piades
389 2087 431 2152 ad
455 2092 585 2169 tempus
609 2085 828 2152 definiendum
854 2085 1062 2154 adhibentur.
1088 2088 1158 2154 Hos
1175 2088 1264 2154 viros
1286 2089 1431 2155 editores

254 2196 440 2261 fabularum
475 2194 789 2276 Aristophanearum
827 2193 897 2261 iero
932 2213 1042 2274 omues
1077 2197 1182 2261 secuti
1213 2201 1290 2261 sunt
1313 2197 1434 2267 ceteris

253 2303 350 2368 huius
374 2302 574 2369 didascalice
600 2302 709 2368 verbis
733 2320 797 2367 non
820 2303 998 2384 temptatis.
1021 2303 1177 2369 Attamen
1202 2303 1302 2369 etiam
1319 2309 1433 2370 cetera

254 2410 334 2477 viris
371 2410 476 2476 doctis
509 2427 645 2491 magnas
682 2409 904 2476 dubitationes
943 2416 1133 2492 moverunt3
1171 2410 1308 2477 maxime
1343 2413 1432 2478 einim

253 2518 335 2584 haec
370 2519 411 2582 ab
447 2517 522 2582 aliis
557 2515 755 2599 fragmentis
790 2516 998 2584 didascalicis
1029 2515 1196 2583 differunt.
1242 2518 1283 2584 In
1313 2518 1432 2585 ceteris

256 2626 341 2692 enim
390 2624 582 2690 didascaliis
629 2624 787 2707 primum¹
815 2643 931 2710 nomen
977 2625 1145 2691 archontis
1187 2634 1222 2691 et
1254 2625 1319 2691 diei
1336 2624 1430 2693 *festi

253 2739 535 2814 commemoratur,
572 2731 689 2798 deinde
725 2732 816 2798 locus
852 2732 1013 2815 traditur,
1038 2751 1133 2813 quem
1157 2739 1256 2814 poeta
1280 2731 1432 2801 obtinuit.

255 2841 320 2906 Hic
341 2840 448 2906 omnia
464 2839 552 2905 inter
575 2857 611 2904 se
636 2841 813 2905 commixta
828 2846 915 2926 sunt,
940 2846 977 2905 ut
993 2841 1099 2905 locum
1120 2839 1259 2905 nondum
1279 2848 1432 2909 sanatum

255 2966 328 3014 esse
352 2958 520 3030 appareat.

330 3054 333 3062 '
363 3056 407 3122 Et
431 3056 583 3137 qnoniam
609 3054 798 3121 Philonides
824 3061 858 3134 et
875 3073 966 3120 snam
984 3061 1019 3120 et
1035 3054 1270 3138 Aristophanis
1285 3056 1429 3127 fabulam

252 3164 288 3229 in
323 3182 454 3229 scenam
489 3163 689 3229 commisisse
725 3161 879 3247 traditur,
916 3163 1059 3229 Brielius
1087 3165 1150 3245 (De
1181 3164 1370 3245 Callistrato
1393 3166 1428 3225 ct

254 3271 429 3337 Philonide
453 3270 524 3336 sive
549 3270 589 3336 de
620 3270 807 3335 actionibus
820 3269 1063 3352 Aristophanis.
1087 3272 1234 3338 Berolini
1261 3267 1360 3352 1887)
1391 3268 1427 3334 id

255 3378 326 3445 fieri
349 3379 497 3460 potuisse
521 3396 648 3460 negans
672 3379 774 3444 verba
798 3375 851 3440 dai
878 3377 1062 3442 Φιλωνίδου
1087 3379 1194 3445 eiecit.
1227 3378 1316 3462 Quae
1354 3394 1428 3441 con·

254 3488 382 3553 iectura
405 3492 497 3552 certa
521 3492 621 3562 esset,
645 3485 674 3549 si
686 3484 812 3551 Brielio
836 3487 967 3552 credere
990 3503 1160 3566 possemus
1176 3485 1431 3564 Aristophanem

256 3595 356 3659 etiam
382 3593 414 3657 in
441 3594 490 3659 eis
515 3589 698 3676 comoediis,
724 3611 806 3673 quas
830 3598 904 3674 post
928 3592 1066 3673 Equites
1089 3592 1165 3657 aliis
1189 3591 1298 3674 poetis
1328 3604 1429 3687 agen·

256 3703 314 3768 das
340 3701 511 3783 commisit,
536 3699 576 3767 de
599 3702 732 3782 seipso
756 3719 921 3782 nunquam
951 3702 1097 3766 locutum
1122 3718 1204 3765 esse.
1251 3700 1323 3766 Iam
1354 3717 1432 3791 yero

255 3811 423 3876 Zaoherus
447 3809 653 3891 (Philologus
676 3814 719 3874 49
737 3829 765 3890 p.
784 3806 861 3894 313)
886 3811 946 3873 hoc
968 3808 1041 3873 fieri
1065 3807 1211 3890 potuisse
1235 3808 1283 3873 ita
1301 3809 1431 3893 demon-

256 3918 387 4003 stravit,
434 3924 471 3983 ut
506 3917 622 3983 Brielii
657 3916 822 3983 sententia
857 3915 1004 3981 refutata
1028 3915 1107 3981 mihi
1132 3915 1294 4005 uideatur.
1341 3915 1431 4003 Idem

255 4039 373 4107 quarto
412 4025 542 4091 saeculo
579 4024 704 4090 iactum
744 4043 817 4090 esse
856 4024 1011 4105 ostendit,
1051 4030 1089 4088 ut
1128 4023 1304 4089 abeodem
1331 4027 1429 4103 poeta

256 4134 368 4201 eodem
393 4135 479 4198 festo
492 4133 674 4213 complures
687 4132 874 4197 comoediae
895 4131 928 4195 in
942 4149 1073 4196 scenam
1087 4126 1429 4210 committerentnrffi).

313 4279 347 4342 ¹⁶)
366 4277 395 4331 c.
414 4276 440 4331 J.
460 4278 481 4329 a
502 4275 539 4344 11,
558 4276 585 4343 a,
604 4275 657 4328 ore

362 4360 502 4441 Διόδωρος
520 4365 671 4439 danstanus)
691 4362 795 4436 Νεκρῷ

363 4542 501 4626 Διόδωρος
519 4534 631 4626 apicios)
650 4548 831 4624 Μαινομένῳ.
