3184 4994
740 415 960 476 ..44-

260 600 380 675 similia
403 603 551 671 convicia
575 603 790 684 Aristophani
814 605 935 670 fecisse
957 605 1099 672 videtur.
1144 603 1184 669 In
1208 604 1326 686 Raptis
1350 603 1436 670 enirn

260 709 342 776 haec
367 711 451 776 dixit
474 712 529 792 (K.
555 718 605 776 78.
631 711 734 777 Schol.
759 712 861 778 Arist.
886 713 969 778 Nub.
994 711 1092 797 aab:

473 812 654 889 Kc'aec'nooc
677 811 752 889 τοὺς
775 812 918 891 Ἱππέας

260 927 460 1008 coornatam
483 929 529 1010 uqi
552 926 711 1011 φαλακρῷ
734 932 861 1009 προῖκα
886 921 1135 1013 κᾶδωρησᾶμην.

262 1034 387 1114 Baptae
410 1034 496 1100 enim
521 1033 587 1099 illis
611 1030 681 1099 scre
705 1033 905 1116 temporibus
929 1040 1035 1100 aetam
1060 1052 1132 1100 esse
1148 1034 1300 1120 concedo,
1327 1052 1437 1113 quarn·

263 1157 358 1220 quam
383 1139 423 1205 de
446 1158 542 1221 anno,
568 1140 819 1207 cuiNeinekius
843 1160 914 1207 eam
939 1140 1083 1207 fabulam
1109 1141 1274 1224 attribuit,
1300 1140 1439 1205 maxime

262 1245 388 1332 dubito,
413 1265 516 1327 qnare
532 1246 571 1313 de
588 1248 651 1313 hac
665 1248 831 1314 comoedia
848 1248 1019 1314 dicendum
1032 1248 1174 1315 videtur.
1210 1247 1437 1328 Compluribus

262 1357 370 1419 autem
417 1354 612 1435 scriptorum
659 1354 858 1422 testimoniis
905 1355 1063 1421 traditum
1125 1362 1177 1422 est
1232 1354 1433 1420 Alcibiadem

262 1460 432 1542 sociosque
468 1463 541 1528 cius
575 1469 709 1544 propter
732 1462 825 1543 orgia
859 1463 1007 1545 Cotyttia
1041 1463 1102 1529 bac
1126 1461 1239 1527 fabula
1263 1463 1438 1528 vellicatos

263 1582 347 1635 esse.
394 1569 476 1635 Inde
510 1570 608 1636 facile
644 1570 850 1636 concluditur
885 1568 1031 1637 fabulam
1067 1577 1145 1637 ante
1167 1588 1288 1636 annum
1312 1574 1379 1634 414
1402 1569 1438 1633 in

262 1695 392 1743 scenam
417 1677 620 1742 commissam
645 1695 726 1743 esse.
772 1678 885 1759 Neque
909 1680 995 1743 enim
1020 1677 1178 1745 credibile
1202 1685 1254 1743 est
1283 1676 1441 1743 eiusmodi

262 1784 408 1850 fabulam
433 1792 507 1865 post
530 1784 735 1850 Alcibiadem
759 1785 951 1851 restitutum
975 1793 1081 1851 actam
1100 1804 1182 1852 esse.
1206 1785 1257 1851 ldx
1273 1785 1436 1850 iisautem

264 1892 422 1974 versinus,
460 1910 540 1973 quos
579 1911 679 1974 snpra
718 1892 903 1967 citavimus,
941 1892 1090 1959 videmus
1124 1893 1196 1959 sine
1231 1893 1330 1958 dubio
1366 1898 1441 1974 post

264 2017 292 2064 a.
318 2002 384 2064 424
406 2000 491 2067 hanc
514 1999 659 2064 tabulam
683 2000 718 2064 in
743 2018 872 2065 scenam
898 1999 1070 2082 prodiisse.
1095 2000 1244 2066 Pertinet
1267 2000 1372 2081 igitur
1385 2006 1440 2064 aut

266 2105 308 2171 ad
331 2123 450 2173 annum
476 2110 540 2171 423
566 2114 624 2172 aut
647 2107 687 2171 ad
713 2125 816 2172 annos
839 2112 1027 2178 420-415.
1051 2107 1173 2173 Carent
1196 2113 1304 2172 antem
1320 2103 1442 2171 fabulis

265 2211 458 2292 Eupolideis
482 2214 560 2279 anni
585 2218 777 2295 tre—4153
803 2215 917 2296 itaque
941 2214 991 2279 his
1008 2214 1104 2279 annis
1121 2214 1247 2294 Baptae
1262 2212 1439 2278 innocuam

265 2318 439 2391 commissa
462 2320 603 2386 videtur.

372 2465 513 2546 Propter
536 2464 620 2530 hanc
643 2464 827 2533 irrisionem
852 2467 993 2551 Eupolin
1017 2466 1050 2531 in
1077 2465 1189 2533 Sicilia
1212 2467 1254 2531 ab
1267 2465 1441 2532 Alcibiade

266 2572 299 2638 in
334 2591 424 2637 mare
463 2572 715 2655 praecipitatum
758 2592 836 2655 ,esse
874 2575 1024 2639 nonnulli
1070 2574 1249 2655 scriptores
1297 2580 1442 2638 narrant.

266 2678 420 2764 (Aristid.
456 2679 550 2745 Dind.
585 2679 650 2763 III,
685 2700 716 2763 p.
748 2686 813 2746 444
844 2682 1000 2747 Themist.
1025 2681 1114 2747 Orat.
1140 2681 1233 2765 VIII,
1260 2701 1289 2762 p.
1318 2679 1441 2766 rroB).

267 2785 340 2869 Qua
374 2787 564 2852 narratione
601 2788 726 2854 reiecta
762 2788 946 2855 Meinekins
982 2790 1022 2874 (Ι,
1058 2808 1088 2870 p.
1123 2788 1277 2872 iaasqq.)
1313 2796 1440 2870 tempus

268 2895 448 2976 Baptarum
473 2896 534 2960 hoc
559 2895 651 2960 modo
676 2892 811 2962 delinire
834 2902 980 2962 conatur.
1026 2897 1170 2962 Primum
1195 2894 1319 2962 refellit
1349 2896 1443 2962 Butt-

268 3020 432 3086 mannum,
469 3002 525 3084 qui
560 3003 703 3084 Eupolin
737 3006 798 3068 hac
828 3004 942 3070 fabula
977 3004 1016 3070 de
1042 3003 1210 3088 mysteriis
1234 3005 1275 3069 ab
1299 3004 1442 3068 Alcibia-

269 3110 308 3175 de
332 3108 464 3175 violatis
499 3111 616 3193 egisse,
641 3129 699 3192 pro
724 3110 852 3178 Cereris
882 3120 991 3177 autern
1018 3111 1172 3195 Cotyttus
1197 3111 1327 3176 nomine
1352 3129 1443 3176 usum

269 3235 340 3284 esse
379 3227 499 3283 censet.
549 3220 665 3299 Neque
710 3218 797 3284 enim
835 3221 913 3284 anni
938 3218 1002 3285 415
1027 3218 1196 3301 Dionysiis
1240 3220 1303 3283 iam
1334 3219 1444 3283 taxari

270 3326 415 3407 potuisse
440 3325 622 3391 Alcibiadis
645 3327 788 3408 scelera,
813 3345 899 3391 anno
915 3345 994 3393 vero
1013 3333 1078 3392 414
1096 3346 1167 3393 enm
1185 3327 1248 3391 iam
1267 3326 1444 3408 aufugisse.

269 3432 351 3499 Inde
363 3434 442 3499 haec
455 3433 600 3516 colligit:
626 3431 764 3516 „Itaque
775 3433 857 3498 nihil
873 3434 1014 3515 relinqui
1030 3434 1125 3501 video
1141 3434 1204 3499 nisi
1222 3440 1259 3499 ut
1271 3432 1445 3515 Eupolidis

271 3540 419 3607 fabulam
443 3542 484 3608 ol.
510 3547 562 3624 91,
592 3547 606 3605 1
634 3540 721 3607 ludis
746 3540 956 3607 Liberalibus
991 3542 1126 3607 urbanis
1150 3542 1257 3607 tribus
1291 3548 1369 3607 ante
1393 3560 1447 3607 ex·

271 3649 468 3737 peditionem
493 3647 637 3715 Siculam
661 3648 829 3714 mensibus
853 3656 959 3713 actam
984 3667 1055 3714 esse
1067 3648 1203 3729 eiusque
1219 3656 1444 3731 argumentum

271 3742 394 3821 nonin
419 3756 649 3837 mysteriorum
675 3755 860 3838 violatione,
885 3755 999 3821 sedin
1031 3755 1252 3837 Cotyttiorum
1288 3762 1321 3821 et
1360 3755 1446 3821 Alci·

272 3862 377 3935 biadis
401 3862 537 3943 eiusque
561 3863 721 3928 sociorum
745 3863 896 3928 irrisione
920 3862 1060 3944 positam
1093 3861 1196 3929 fuisse
1228 3860 1445 3941 statuamus.“

381 3988 503 4074 Quodsi
527 3989 723 4072 quaerimus,
748 4008 806 4075 cnr
828 3988 1015 4055 Meinekins
1039 4007 1108 4053 eam
1133 3994 1197 4055 415
1230 3997 1337 4055 actam
1374 4007 1445 4055 esse

274 4096 448 4181 putaverit,
488 4113 552 4161 non
592 4096 726 4161 dubium
764 4096 905 4181 uidetur,
943 4096 1021 4177 quin
1054 4114 1126 4162 eum
1165 4096 1223 4162 illa
1263 4096 1303 4161 do
1343 4102 1446 4162 morto

273 4202 446 4286 Eupolidis
468 4266 470 4273 ,
491 4205 741 4277 narratiuncula
772 4204 812 4269 ad
847 4205 932 4269 hanc
967 4204 1150 4286 opinionem
1187 4204 1370 4290 adduxerit,
1407 4221 1447 4269 ex

274 4331 339 4394 qua
373 4320 481 4378 tamen
519 4311 600 4377 nibil
636 4311 675 4377 de
710 4320 855 4393 temporo
888 4312 1038 4378 concludi
1063 4316 1179 4394 potest.
1225 4312 1338 4393 Neque
1361 4311 1446 4377 enim
