3184 4994
771 354 993 415 ...36..

296 551 366 611 4444
401 546 504 611 444141
539 551 657 627 potest
718 547 810 612 Hane
845 545 991 613 fabulam
1027 548 1170 612 Auream
1207 549 1360 615 Aetatem
1396 566 1472 613 esse

295 655 570 722 Wilamowitzins
608 655 795 736 suspicatus
834 655 994 723 estin
1039 656 1236 738 fragmentis
1274 657 1359 722 enirn
1398 655 1472 743 eius

294 763 478 828 comoediae
502 763 577 828 Cleo
602 763 649 827 ita
673 772 952 835 commemorffatur
975 769 1013 826 ut
999 762 1179 827 tfabulann
1205 773 1278 845 post
1313 740 1471 844 84144414-
1558 742 1559 759 ’

292 871 373 935 riam
400 874 633 952 expugnatam,
669 879 747 935 ante
780 869 930 947 Cleonem
965 878 1128 936 mortuum
1163 879 1269 935 aetam
1304 889 1375 935 esse
1397 870 1472 939 uiri

294 978 381 1042 (loeti
401 995 470 1055 non
494 977 604 1057 inepte
627 977 856 1042 indicaverim.
893 977 1020 1043 sanun
1046 977 1147 1056 igitur
1170 978 1206 1041 in
1230 996 1359 1042 scenam
1385 977 1472 1043 sobr-

295 1086 394 1150 missa
418 1094 472 1151 est
493 1095 551 1149 ant
565 1085 734 1166 Dionysiis
750 1104 779 1150 a.
792 1090 858 1150 424
871 1094 928 1151 444
941 1085 1083 1150 Lenaeis
1094 1104 1122 1149 4.
1136 1090 1200 1149 423
1226 1096 1285 1149 444
1297 1084 1471 1166 llionysiis

292 1212 321 1259 a.
338 1198 415 1261 422.
439 1191 520 1257 Cum
545 1200 654 1257 autern
678 1192 786 1259 ,Urbes
810 1192 907 1272 paulo
932 1199 1006 1273 post
1022 1181 1051 1256 4.
1067 1197 1131 1277 424
1158 1199 1262 1257 aetam
1288 1210 1360 1257 esse
1384 1195 1472 1259 veri·
1558 1176 1559 1189 ἶ

291 1301 400 1366 simile
433 1300 495 1385 414,
521 1318 593 1365 eum
623 1299 874 1365 Wllumowitzio
910 1279 1275 1390 putabimus'Auream
1315 1300 1469 1366 Aetatem

291 1407 580 1490 Dionysiisa.492
605 1412 713 1473 aetam
735 1405 1019 1498 fragmentumque
1044 1407 1124 1472 illud
1153 1407 1239 1487 apud
1264 1408 1468 1489 Hosyebium

290 1519 458 1581 servatum
483 1534 524 1580 ex
543 1516 607 1579 hae
631 1513 746 1580 fabula
769 1523 957 1595 excerptum
984 1533 1064 1580 esso.

398 1619 601 1704 Quamquam
640 1622 725 1689 baec¹
758 1623 790 1686 in
835 1622 1024 1687 4441444444
1062 1623 1168 1716 posita
1206 1641 1279 1688 esse
1318 1633 1466 1708 4444444

289 1730 396 1796 Urbes
431 1748 508 1796 vero
544 1736 644 1810 atque
685 1733 793 1795 Aurea
824 1731 935 1809 Aetas,
967 1730 1046 1809 quin
1071 1732 1165 1799 aunis
1194 1736 1271 1815 424,
1296 1733 1372 1813 423,
1397 1737 1463 1797 422

289 1844 384 1904 44444
408 1838 485 1918 4141,
509 1837 590 1901 mibi
614 1836 745 1923 dubium
770 1856 833 1901 non
859 1838 973 1917 44421).

396 1946 532 2011 Praeter
569 1949 708 2010 Auream
746 1947 900 2010 Aetatem
924 1944 1073 2009 Platonis
1097 1945 1243 2010 Lacones
1278 1963 1364 2009 anno
1395 1950 1454 2009 422

288 2057 398 2117 aetam·
429 2069 501 2117 esse
537 2052 810 2118 Wilamowitzius
844 2053 1013 2118 contendit
1046 2052 1251 2132 argumentis
1285 2072 1306 2117 4
1340 2053 1455 2118 Cobeto

288 2164 331 2243 (p.
356 2165 411 2239 at)
435 2155 572 2242 prolatis
596 2161 701 2227 ninus
747 2159 784 2229 In
808 2162 895 2226 Pace
919 2161 1004 2226 eninr
1027 2162 1062 2245 hi
1078 2179 1195 2227 versus
1220 2162 1391 2244 leguntur:

289 2272 351 2332 700
379 2271 424 2331 Ti
446 2268 513 2350 δαί;
537 2272 696 2352 Κρατῖνος
720 2262 737 2330 ὁ
761 2264 860 2351 σοφὸς
884 2264 990 2350 iotam
1016 2262 1203 2343 ἀπέθανεν,

367 2366 449 2439 ‘'oe'
472 2372 504 2438 οἱ
527 2370 687 2447 Λάκωνες
710 2371 878 2457 ἐνέβαλον.
902 2378 937 2438 τί
959 2369 1096 2457 nebeim
1120 2367 1189 2457 b'u3

371 2478 582 2565 Ὡρακιαίσας·
608 2474 647 2545 οὗ
671 2476 732 2564 γάρ
757 2477 944 2566 ἐξήνεσχετο

373 2582 468 2652 Ἰδων
491 2592 598 2653 uibar
622 2586 868 2671 καταγνύμενον
891 2587 985 2653 οἴνου
1008 2590 1129 2653 πλέων.

392 2699 471 2763 sent
474 2717 514 2763 44
517 2697 565 2762 414
517 2699 701 2762 thorum
726 2716 858 2763 versum
889 2699 1027 2763 obseura
1056 2706 1115 2762 ast.
1094 2702 1257 2764 tAnoo
1281 2696 1365 2760 enim
1390 2703 1461 2765 423

283 2805 437 2870 Cratinus
476 2805 664 2888 Lagoenam
704 2804 825 2887 docuit,
865 2805 977 2886 itaque
1016 2806 1073 2871 vin
1112 2810 1191 2870 4444
1230 2822 1347 2869 annum
1389 2810 1461 2872 422

282 2918 429 2978 mortuus
453 2926 513 2978 est.
559 2913 622 2978 Ilio
647 2921 756 2979 autern
780 2931 864 2977 4444
889 2912 1141 2979 Lacedaemonii
1165 2913 1198 2977 14
1217 2911 1363 2978 Atticam
1387 2931 1456 2979 uon

336 3107 369 3171 26)
390 3106 477 3161 Aliter
496 3106 529 3159 de
548 3106 598 3159 hae
616 3104 710 3159 fabula
728 3105 872 3160 Muellerus
892 3104 981 3159 Strub.
1003 3109 1039 3172 (p.
1060 3104 1124 3169 165)
1145 3111 1173 3158 et
1191 3104 1330 3158 Gilbertus
1360 3105 1449 3172 (Beitr.

387 3212 435 3250 zur
453 3196 563 3250 innereu
583 3195 678 3249 Geseh.
698 3196 803 3249 Athens
816 3211 840 3263 p.
861 3193 1073 3261 1241)·14014444,
1093 3209 1205 3261 ortorum
1225 3195 1295 3249 alter
1313 3193 1449 3260 annalib,

389 3286 458 3339 alter
469 3301 493 3340 4.
504 3285 556 3338 427
568 3300 626 3338 eam
646 3290 734 3338 aetam
754 3300 811 3339 4444
830 3290 929 3338 censet.
948 3282 1070 3338 ltlnelleri
1089 3284 1250 3339 sententiam
1262 3283 1454 3350 praetermitto,

387 3374 456 3442 quod
485 3390 518 3428 ea
545 3375 698 3428 oonleotura
727 3374 833 3440 nititur,
862 3390 941 3442 qnam
970 3375 1002 3428 04
1039 3374 1175 3443 praefecto
1202 3373 1300 3427 aerarii
1332 3372 1456 3442 protulit

386 3466 428 3518 Ea
455 3470 546 3520 autam
574 3464 728 3518 coniectura
756 3480 772 3517 a
800 3465 865 3517 viris
894 3464 980 3518 doetis
1008 3465 1076 3518 satis
1094 3463 1216 3541 refutata
1235 3446 1285 3517 est.
1315 3463 1460 3521 (hilbertus

387 3555 569 3624 lragmentum
600 3555 661 3622 290,
693 3570 744 3624 quo
775 3557 856 3633 poeta
885 3555 1007 3609 Athenas
1038 3555 1129 3631 urbem
1159 3554 1240 3622 louge
1270 3554 1461 3613 beatissimam

387 3644 513 3712 omnium,
533 3659 600 3712 quas
629 3644 691 3698 Cleo
719 3650 808 3713 regat,
826 3644 931 3698 urbium
952 3660 1008 3699 esse
1028 3654 1110 3711 atque
1128 3644 1211 3698 etiam
1230 3643 1375 3698 beatiorem
1396 3643 1461 3700 iore

387 3750 445 3789 eum
465 3735 589 3788 irrisione
608 3734 681 3802 dicit,
701 3733 842 3802 coniungit
861 3750 919 3788 eum
939 3736 1094 3802 irsgmento
1112 3735 1181 3789 278:

366 3846 368 3851 ·
387 3815 479 3879 bustal
498 3847 511 3877 o
531 3818 646 3899 κουρεὺς
664 3820 711 3885 τὰς
728 3827 899 3900 μαχαιρίδας
918 3820 1006 3895 λαβὼν

386 3906 437 3968 ὕπὸ
457 3914 504 3986 τῆς
523 3906 629 3985 νπήνης
646 3909 853 3990 κατακερεῖτὴν
872 3908 1014 3987 εἰσφοράν.

386 4004 443 4058 1144
465 4003 535 4058 enim
555 4003 587 4056 de
612 4003 709 4057 014444
721 4003 823 4057 dietum
842 4019 907 4072 4444,
928 4005 972 4071 qni
992 4019 1063 4057 anno
1082 4002 1160 4072 42811
1181 4003 1241 4071 lege
1258 4002 1316 4055 lata
1334 4001 1452 4070 primum

383 4093 501 4162 vectigal
521 4092 731 4147 Atheniensibus
762 4092 942 4161 imposuisset.
980 4093 1072 4160 Neque
1100 4099 1200 4155 tamen
1221 4097 1270 4146 aut
1297 4092 1347 4145 hoc
1375 4090 1452 4161 frag-

384 4189 502 4237 mentum
522 4183 550 4236 14
570 4181 692 4236 Cleonem
712 4183 846 4251 prolatum
866 4197 924 4236 essa
943 4191 992 4236 444
1010 4183 1130 4251 primam,
1150 4198 1218 4250 quaa
1237 4180 1450 4251 Atheniensibus
1558 4180 1559 4191 ¹

383 4272 512 4327 solvenda
530 4280 597 4339 4444,
618 4267 751 4346 εἰσφοράν
780 4273 823 4326 1414
841 4271 1114 4327 (11410444444444414.
1151 4272 1192 4326 Ila
1218 4288 1291 4339 vero,
1319 4260 1388 4339 quae
1413 4270 1447 4325 tle

381 4362 504 4431 potentia
531 4361 636 4416 Cleonis
663 4362 797 4431 dicuntur,
826 4361 910 4416 multo
939 4364 1030 4431 aptius
1058 4363 1093 4417 ad
1120 4368 1249 4432 tempora,
1279 4378 1348 4430 quse
1368 4371 1448 4416 erent

381 4457 443 4523 post
461 4468 485 4506 4.
503 4453 565 4522 425,
584 4452 748 4507 referuntur.
