3184 4994
665 416 888 479 ..7,Ιι

192 613 323 698 (Rhein.
359 613 443 680 Mus.
480 619 522 679 34
547 632 582 693 p.·
606 617 667 678 301
684 615 791 694 sqq).
819 610 918 677 'Inde
942 612 1029 692 quod
1052 610 1107 677 hic
1126 610 1305 693 'catalogus
1331 610 1371 676 ab

191 722 252 787 hoc
277 721 404 786 demum
429 740 515 786 anno
538 719 669 785 initiunt
694 736 813 801 capere
836 717 980 799 videtur,
1005 718 1173 800 Bergkius
1206 718 1374 785 concludit

193 828 245 896 bic
292 829 435 893 urbanus
470 826 627 893 victorias
662 824 856 892 enumerari.
909 825 974 892 Sed
1002 825 1066 891 iam
1092 844 1193 908 supra
1220 825 1372 893 vidimus

191 954 307 1018 parunt
343 934 514 1017 probabile
550 952 623 1000 esse
659 951 723 998 uon
757 931 1040 999 inmanteaad‘
1056 932 1217 1016 Dionysia
1249 934 1372 1017 Magna

191 1043 324 1109 chorum
360 1045 400 1108 ab
436 1042 596 1107 archonte
632 1041 744 1106 dotum
778 1057 862 1106 esse.
909 1040 1022 1120 Neque
1057 1046 1167 1107 tamen
1216 1042 1372 1109 credibile

191 1156 243 1215 est
266 1143 433 1215 auctorem
469 1148 568 1215 buius
604 1147 806 1214 monumenti
843 1147 969 1229 priores
994 1152 1175 1229 'poetarum
1213 1150 1371 1216 victorias

192 1276 327 1339 prorsus
352 1256 507 1322 omisisse.
577 1310 580 1315 ,
727 1258 730 1263 “
973 1251 978 1262 ’
1037 1258 1056 1314 3

297 1361 623 1430 Cuiusdifiicultatis
639 1361 853 1442 explicandae
869 1362 925 1429 via
941 1382 960 1428 a
977 1363 1141 1430 Kocblero
1158 1371 1369 1451 monstratur,

192 1474 248 1553 qui
273 1476 363 1537 reete
395 1470 589 1536 observavit
612 1469 715 1535 totius
750 1469 870 1535 indicis
894 1470 1027 1535 titulum
1053 1471 1232 1552 longiorem
1269 1471 1372 1541 fuisse

193 1597 288 1659 qnam
313 1578 450 1659 primam
475 1577 639 1643 nominum
665 1576 854 1643 columnam.
879 1577 998 1659 Itaque
1027 1579 1112 1644 anno
1151 1584 1249 1647 leve.
1272 1600 1370 1647 unam

192 1687 374 1755 columnam
412 1685 563 1750 emissam
598 1702 672 1750 esse
703 1684 890 1765 suspicatus
914 1690 981 1767 est;
1004 1684 1039 1751 in
1062 1705 1197 1767 corpore
1221 1690 1371 1756 veroin-

191 1793 406 1875 scriptionum
443 1799 573 1875 postea·
608 1792 668 1858 hoc
702 1792 794 1857 modo
818 1792 951 1858 titulum
987 1780 1173 1861 mutilatum
1194 1782 1372 1878 'supplevit

297 1894 376 1983 α’να]
401 1893 515 1984 γραφὴ,
532 1902 598 1963 τῶν
1021 1918 1023 1929 ’

193 2007 358 2092 κωμῳδῶν
1002 2065 1004 2070 s

190 2133 296 2194 neque
336 2115 508 2194 quicquam
534 2113 573 2179 de
598 2114 748 2179 columna
783 2113 905 2179 amissa
943 2114 1078 2181 addidit.
1125 2118 1248 2184 Tamen
1271 2120 1370 2186 initio

190 2228 280 2287 recte
296 2220 462 2286 iudicasse
487 2220 564 2285 mihi
591 2220 734 2287 videtur.
759 2220 797 2285 In
823 2221 972 2286 columna
997 2222 1082 2288 enim
1100 2225 1221 2291 amissa
1237 2230 1370 2294 nomina

192 2328 367 2411 Magnetis,
398 2327 614 2422 Ecphantidis
638 2334 737 2408 atque
772 2326 915 2394 fortasse
951 2329 1048 2395 etiam
1086 2330 1230 2399 Cratetis
1266 2333 1370 2402 fuisse

191 2443 280 2518 puto.
327 2436 410 2501 Nam
434 2453 627 2517 quamquain
652 2435 819 2502 Oratetem
843 2437 978 2502 Cratino
1001 2437 1157 2506 minorem
1173 2438 1277 2509 fuisse
1297 2444 1369 2526 ipso
1455 2494 1458 2499 ·

192 2543 428 2625 Aristophanis
461 2542 649 2609 testimonio
677 2550 817 2629 constat,
847 2543 946 2627 (Eqn.
971 2545 1134 2631 5'252540)
1150 2555 1268 2616 ,tamen
1299 2551 1369 2619 fieri

191 2656 332 2732 poterut,
357 2663 395 2715 nt
418 2656 476 2715 ant
499 2649 672 2731 Dionysiis
696 2649 827 2730 Magnis
852 2656 910 2715 aut
934 2651 1074 2718 Lenaeis
1098 2653 1155 2722 ille
1179 2662 1267 2723 ante·
1283 2659 1370 2726 hunc

190 2757 328 2838 primam
375 2756 547 2824 victoriani
592 2762 835 2838 assequeretur.
894 2757 1054 2824 Undecim
1090 2760 1193 2844 igitur
1239 2766 1370 2836 nomina

190 2868 361 2944 poetarum
396 2882 529 2945 prorsus
564 2864 747 2944 ignotorum
784 2864 944 2930 excidisse
978 2865 1133 2934 videntur
1144 2872 1181 2951 ⁴).
1234 2874 1286 2939 Ex
1320 2877 1369 2953 eis

190 2975 311 3055 autem,
337 2988 420 3050 qnae
456 2988 556 3053 supra
595 2971 778 3053 disputavi,
814 2973 1022 3051 cognoscitur
1053 2993 1120 3059 non,
1146 2959 1369 3050 etiamsinon

189 3075 412 3143 testimonium
436 3095 500 3141 non
524 3079 727 3160 haberemus,
747 3075 863 3143 'facere
879 3097 945 3144 non
960 3081 1119 3167 potuisse,
1137 3085 1217 3165 quin
1234 3090 1365 3156 nomina

190 3183 277 3251 haud
316 3202 491 3267 paucorum
527 3189 698 3269 poetarum
733 3185 891 3250 oblivioni
926 3186 1003 3252 data
1044 3207 1117 3257 esse
1151 3193 1367 3264 crederemus.

189 3291 347 3358 Videmus
382 3292 485 3372 igitur
517 3293 558 3357 ab
582 3299 634 3357 eo·
655 3298 813 3375 tempore,
849 3311 911 3374 quo
947 3295 1079 3367 comicis
1110 3299 1227 3368 chorus
1269 3304 1366 3371 datus

192 3406 253 3482 est,
277 3418 381 3480 usque
405 3401 446 3464 ad
470 3401 601 3465 initium
623 3398 704 3465 belli
729 3400 998 3482 Peloponnesiaci
1024 3404 1144 3487 viginti
1159 3407 1228 3476 fere
1251 3421 1367 3492 poetes

192 3507 347 3573 docuisse.
395 3508 459 3573 Hic
482 3525 637 3574 numerus
661 3512 740 3589 apte
762 3508 904 3590 quadrat
927 3510 960 3575 in
985 3529 1155 3579 numerum
1179 3513 1366 3586 fabularum

191 3612 250 3677 illa
273 3620 382 3680 aetate
405 3621 569 3696 actarum,
593 3633 687 3694 quent
712 3632 812 3696 supra
833 3616 1018 3683 statuimus.

297 3785 369 3862 perd
387 3784 437 3861 τὴν
459 3787 498 3846 πέ
516 3780 683 3865 ὀλυμπιάδα.
708 3780 783 3858 Quae
801 3788 928 3861 corrupta
947 3803 1005 3848 esse
1023 3786 1145 3864 apparet.
1183 3800 1276 3868 Neque
1295 3804 1365 3860 enirn

299 3884 403 3945 ternpus
422 3879 535 3935 alicuius
554 3881 684 3935 victoriae
703 3880 744 3935 ita
762 3879 867 3936 definiri
885 3887 983 3952 potest,
1003 3891 1036 3939 ut
1054 3886 1126 3941 solus
1145 3891 1285 3961 terminus,
1304 3904 1367 3961 post

298 3981 376 4032 quom
403 3966 478 4022 iacta
504 3969 550 4038 sit,
582 3970 726 4026 indicetur.
763 3971 885 4039 Apparet
912 3972 999 4040 igitur
1027 3990 1059 4030 ex
1087 3977 1145 4033 loco
1164 3984 1220 4034 tarn
1240 3990 1365 4052 corrupto

297 4052 365 4109 nihil
384 4055 449 4110 disci
468 4074 554 4125 posse.

254 4145 276 4211 ⁴)
296 4145 336 4199 De
354 4145 441 4200 indice
459 4146 508 4200 hoc
526 4147 677 4203 addendum
697 4157 739 4204 est
757 4150 845 4206 adhuc
863 4156 936 4206 certo
955 4153 1058 4209 deliniri
1078 4173 1130 4211 non
1158 4174 1244 4230 posse,
1273 4136 1364 4219 utrum

297 4234 332 4288 n‘d
360 4236 461 4304 Magna
489 4235 618 4303 Dionysia
637 4254 672 4292 au
691 4239 725 4293 ad
744 4236 852 4295 Lenaea
870 4242 1040 4309 pertinuerit.
1060 4244 1087 4299 Si
1107 4247 1242 4317 Bergkius
1265 4268 1291 4320 p.
1309 4254 1363 4309 311

297 4324 325 4380 O.
344 4324 370 4379 J.
400 4323 431 4379 G.
460 4326 514 4380 230
542 4334 615 4380 recte
643 4327 677 4381 ud
706 4330 927 4385 Anaxandridnm
954 4334 1080 4404 rettulit,
1108 4336 1151 4390 bic
1170 4341 1312 4409 catalogus
1330 4344 1364 4400 ad

297 4414 427 4481 Dionysia
445 4414 571 4483 pertinet.
