3184 4994
721 449 949 510 „42-

249 648 368 723 autem,
394 658 488 722 quam
513 646 591 706 ante
615 640 726 707 Nubes
750 640 1005 707 alteraaaetam
1029 658 1101 707 esse
1137 658 1237 721 supra
1273 639 1425 717 vidimus,

245 748 390 833 nondum
415 754 556 828 constat,
592 754 702 813 utrum
725 753 805 814 ante
829 767 871 814 an
895 755 969 830 post
998 749 1213 814 Maricantem
1237 747 1270 812 in
1296 766 1424 813 scenam

247 846 421 921 commissa
459 855 513 920 sit.
575 854 721 920 Kookies
759 855 857 935 paulo
898 861 971 935 pose
1009 853 1147 921 Periclis
1178 861 1311 921 mertem
1353 873 1424 920 eam

250 963 378 1031 doctam
403 981 476 1029 esse
488 981 530 1027 ex
545 962 605 1028 hoc
621 961 744 1028 scholio
761 961 931 1028 Platonico
948 961 1127 1028 concludit:
1152 961 1271 1041 (Schel.
1298 961 1425 1028 Platon.

252 1075 313 1141 391
332 1069 464 1154 Baka).

356 1198 518 1278 Κρατῖνος
541 1193 575 1257 δὲ
599 1188 771 1280 Ὀμφάλην
806 1186 910 1279 ariade
928 1175 1033 1258 'nater
1053 1196 1225 1280 Χοίροσιν,
1260 1190 1424 1278 τύραννον

250 1302 286 1367 δὲ
309 1299 456 1374 Εὔπολις
470 1301 595 1378 Φίλοις,
620 1298 657 1365 ἐν
681 1301 715 1365 δὲ
729 1303 975 1386 Προσπαλτίοις
985 1295 1117 1387 Ἑλένην
1141 1295 1244 1387 αὐτὴν
1268 1301 1423 1387 καλοῑθθ).

251 1412 318 1477 Nee
342 1423 450 1477 tamen
475 1410 558 1475 haee
582 1410 768 1476 coniectura
792 1410 923 1491 prehari
937 1417 1055 1492 petest.
1090 1409 1171 1475 Nam
1190 1409 1427 1493 quodllnpolis

251 1520 424 1615 Aspasiam
447 1521 607 1585 Helenam
632 1519 726 1603 dixit,
751 1521 823 1586 ideo
847 1520 964 1586 fecisse
982 1520 1123 1602 videtur,
1140 1527 1178 1586 ut
1195 1520 1271 1586 belli
1294 1539 1425 1586 causam

250 1647 320 1700 eam
356 1626 459 1693 fuisse
483 1626 694 1707 significaret.
742 1627 821 1694 Sed
842 1629 992 1709 quoniam
1026 1629 1105 1694 helli
1129 1646 1247 1694 causas
1271 1629 1304 1693 in
1328 1629 1427 1710 Pace,

251 1721 335 1826 quae
358 1735 470 1801 fabula
506 1742 579 1800 octo
615 1736 709 1801 annis
744 1746 819 1818 post
842 1735 983 1802 Periclis
1006 1743 1140 1801 mortem
1165 1743 1240 1801 acta
1264 1743 1326 1818 est,
1351 1734 1426 1800 Ari·

251 1844 430 1927 stophanes
453 1843 561 1908 iocose
586 1844 729 1929 exponit,
753 1863 818 1908 non
842 1843 954 1928 video,
980 1862 1039 1909 cnr
1070 1843 1249 1924 Prospaltii
1277 1843 1428 1924 pluribus

252 1959 327 2033 pest
350 1951 421 2017 eius
445 1951 613 2017 decessum
638 1951 733 2016 anuis
757 1958 834 2016 actu
857 1969 929 2016 esse
952 1969 1016 2015 iton
1040 1950 1151 2032 possit.
1198 1952 1309 2032 Atque
1344 1951 1428 2016 satis

251 2059 355 2124 multo
380 2065 454 2139 pest
476 2058 560 2124 illud
583 2062 713 2142 tempus
748 2059 832 2124 hano
867 2058 1062 2124 comoediam
1087 2057 1215 2124 doctam
1240 2076 1313 2124 esse
1338 2066 1425 2140 pute.

252 2165 335 2233 Nam
359 2164 631 2231 verisimillimum
666 2166 717 2231 est
751 2166 785 2231 in
818 2165 971 2246 parabasi
995 2165 1138 2231 Nubiem
1163 2165 1351 2231 addictum
1376 2165 1429 2230 vel

252 2273 376 2339 factum
411 2273 573 2354 quoddam
608 2271 871 2354 Prospaltiorum'
901 2272 1013 2355 alludi,
1038 2273 1122 2353 quod
1147 2274 1331 2354 compleres
1355 2281 1429 2355 post

252 2399 356 2449 annos
389 2381 454 2446 iam
490 2399 583 2445 nenne
618 2379 815 2463 intellegere
850 2386 990 2463 poterat.
1036 2380 1118 2446 Nam
1150 2380 1279 2446 etiamsi
1304 2381 1430 2446 alterae

253 2490 365 2565 Nubes
397 2507 564 2570 nunquam
599 2495 674 2553 acta
708 2494 769 2572 est,
810 2497 918 2553 tamen
953 2507 1049 2554 nemo
1084 2487 1225 2571 dubitat,
1251 2488 1328 2569 quin
1355 2488 1429 2553 Ari·

254 2599 433 2687 stephanus
467 2596 501 2661 in
536 2595 643 2662 animo
677 2595 831 2661 habuerit
866 2615 937 2662 eam
962 2596 1105 2661 fabulam
1130 2596 1163 2661 in
1188 2614 1317 2662 scenam
1342 2595 1429 2660 dare.

255 2706 358 2773 Recte
403 2704 507 2785 igitur
547 2702 822 2769 Wilamewitzins
869 2711 979 2769 censet
1023 2704 1119 2785 praelo
1159 2710 1237 2769 ante
1272 2704 1427 2784 scriptam

255 2814 397 2880 Nehium
432 2810 609 2893 parabasin
644 2829 715 2876 eam
752 2821 858 2876 actam
895 2830 975 2878 esso.
1031 2813 1144 2895 Nuper
1177 2831 1243 2879 van
1265 2813 1427 2878 Leeuwen

256 2923 480 3005 (Mnemosyne
506 2924 545 2984 16
560 2938 588 2999 p.
604 2923 667 2983 399
677 2917 747 3001 su).
786 2919 987 3000 Prospalties
1011 2925 1089 2985 ante
1104 2921 1233 3002 Vespas
1249 2921 1281 2984 in
1298 2938 1427 2986 scenam

257 3026 460 3101 commissam
496 3044 569 3092 esse
603 3025 781 3091 contendit.
828 3027 910 3091 Nam
935 3027 1018 3107 quod
1044 3027 1113 3092 illic
1136 3031 1275 3108 σκῶμμα
1298 3018 1429 3106 α’σελγίς

256 3137 472 3217 vituperatur,
506 3134 593 3216 apud
631 3133 884 3214 Aristophanem
919 3141 1027 3200 antem
1064 3135 1097 3200 in
1131 3137 1249 3216 Vespis
1294 3137 1428 3201 verbum

189 3290 190 3294 η
256 3239 461 3322 ἀσελγαίνειν
484 3241 665 3323 invenitur,
689 3247 817 3324 poetam
844 3241 884 3307 ad
909 3242 990 3308 illud
1015 3242 1189 3324 Eupolidis
1211 3243 1429 3324 fragmentum

257 3351 401 3421 alludere
424 3348 613 3414 arbitratur.
652 3348 742 3413 ldem
774 3351 875 3415 verba
911 3350 1142 3434 Aristophanis
1173 3342 1242 3413 οὐδ’
1264 3343 1429 3432 Ἡρακλῆς

256 3454 293 3523 τὸ
329 3459 467 3521 δεῖπνον
503 3450 769 3536 ίξαπαιοίμενος
823 3457 865 3522 ad
898 3458 1104 3539 Prospalties
1139 3464 1289 3539 spectare
1323 3461 1428 3539 putat.

257 3568 296 3633 In
320 3564 518 3646 Prospaltiis
554 3564 638 3630 enim
676 3564 848 3630 Herculem
886 3565 1085 3631 esurientem
1121 3572 1233 3648 partes
1257 3565 1364 3645 egisse
1388 3582 1430 3629 ex

260 3675 357 3741 verbo
391 3666 587 3755 Ἡράκλεις,
623 3671 709 3753 qued
743 3672 912 3738 invenitur
947 3673 980 3738 in
1020 3673 1203 3753 fragmento
1239 3672 1296 3737 ille
1331 3690 1429 3753 supra

258 3781 370 3860 allate,
392 3779 548 3846 audacius
573 3796 668 3859 queam
693 3779 803 3845 verius
827 3780 1002 3846 concludit.
1051 3779 1151 3845 Cetius
1174 3780 1334 3845 rationem
1358 3797 1429 3845 cnm

258 3888 387 3970 probari
423 3905 485 3952 non
521 3905 615 3968 posse
652 3886 830 3973 videamus,
867 3887 1013 3981 fabulam
1043 3887 1129 3954 inter
1157 3887 1371 3954 Maricantem
1396 3895 1430 3952 et

258 3996 399 4061 Nehium
423 3994 599 4075 parabasin
624 3988 731 4060 aotam
755 4013 826 4060 esse
851 3994 1003 4061 dicemus.
1039 3995 1121 4061 Nam
1134 3995 1269 4076 Eupolis
1287 3996 1327 4059 ab
1344 4012 1429 4059 anne

313 4243 346 4308 ³⁰)
366 4241 456 4297 Verba
474 4243 513 4296 uic
531 4242 634 4297 tradita
653 4250 731 4298 sunt:
754 4246 895 4317 Κρατῖνος
915 4244 944 4299 δὲ
957 4233 1079 4321 Ὀμφάλῃ
1093 4238 1228 4317 τύραννον
1241 4230 1326 4315 uesper
1344 4245 1431 4306 καλοί,

366 4336 478 4407 Χείρων
497 4328 618 4394 Εὔπολις
649 4334 751 4397 Φίλοις,
776 4332 807 4388 ἐν
829 4333 859 4389 δὲ
888 4335 1090 4407 Προσπαλτίοις
1107 4326 1221 4407 Ἑλένην
1240 4321 1325 4405 αὐτὴν
1343 4335 1430 4399 καλοί,

365 4437 434 4491 quae
453 4423 608 4502 lleinekiusg
619 4423 780 4478 emendavit.
