3184 4994
550 414 553 423 ·
667 403 890 466 ars-*-

188 599 415 682 Hyperbolum
457 592 577 666 rostris
613 598 751 680 potitum
789 617 863 665 esse
896 588 987 680 diei}
1003 617 1115 680 -quare
1130 576 1364 663 'dubium'non

189 726 272 793 esse,
297 708 376 788 quin
400 707 499 774 otiam
534 707 568 772 in
605 706 705 772 Horis
740 706 867 772 Cratini
904 715 938 772 ot
960 706 994 770 in
1020 705 1165 771 Urbibus
1190 704 1365 785 Eupolidis

187 810 399 898 Hyperbolus
424 808 461 879 ni
484 809 668 899 προστάτης
682 816 743 876 τοῦ
755 808 859 898 δήμου
876 812 1032 879 inductus
1056 813 1109 878 sit.
1133 815 1221 881 Ante
1234 811 1364 878 Cleonis

191 929 326 988 mortem
350 922 380 988 ei
404 923 490 987 huuc
513 921 645 986 titulum
672 922 774 986 trssoui
796 939 862 987 nou
878 921 1034 1006 potuisse,
1058 921 1119 989 has
1135 930 1213 1002 ergo
1232 920 1364 986 fabulas

188 1049 274 1095 anno
297 1035 359 1094 421
388 1029 501 1095 dootas
526 1046 606 1095 esse.
952 1017 954 1023 ’

294 1139 340 1203 At
375 1137 460 1223 vide,
498 1130 595 1217 quam
630 1136 768 1202 incertis
803 1134 1033 1205 fundamentis
1062 1141 1133 1201 tota
1157 1135 1240 1199 haec
1265 1152 1361 1214 argu·

187 1247 343 1311 mentatio
367 1244 504 1310 nitatur.
553 1244 697 1309 Primum
722 1243 806 1309 enim
839 1246 940 1311 verba
974 1241 1171 1309 scholiastae
1206 1230 1364 1307 mutanda

186 1359 273 1439 saint,
299 1352 415 1418 deinde
438 1352 468 1418 ei
493 1349 641 1418 confusio
671 1337 807 1417 duarum
833 1351 1065 1432 Aristophanis
1089 1351 1274 1416 fabularum
1299 1349 1357 1414 im·

186 1461 333 1543 putanda
357 1466 418 1543 est,
436 1448 527 1525 ut'ea
556 1460 734 1544 sententia,
760 1450 843 1541 quae
868 1442 1029 1526 lduellero
1052 1458 1173 1544 placet,
1199 1457 1361 1523 eliciatur.

186 1570 234 1635 Aa
269 1587 310 1634 ne
338 1574 405 1634 tum
432 1567 563 1648 quidem
586 1569 691 1633 locum
716 1567 764 1632 ita
789 1566 1001 1649 interpretari
1032 1567 1118 1648 litet,
1144 1572 1181 1630 nt
1204 1565 1362 1635 Muelloro

188 1679 309 1758 planet.
333 1677 582 1760 Ilpoos‘pxeobor
608 1677 654 1759 τῷ
680 1669 803 1758 βήματι
825 1693 888 1740 non
912 1673 1080 1758 signifieat
1106 1660 1245 1756 „populo
1270 1658 1363 1755 pree·

188 1784 292 1866 esse‘“‚
330 1783 386 1849 sed
425 1783 485 1864 „ad
521 1801 588 1849 rem
623 1783 787 1863 publicam
829 1781 1000 1849 accedere
1012 1781 1062 1866 14).
1122 1781 1202 1847 Cum
1237 1780 1362 1862 primae

185 1890 371 1974 Hyperboli
408 1889 574 1955 orationes
609 1891 642 1955 in
668 1890 788 1971 Vespis
811 1889 1044 1975 Aristophanis
1066 1907 1130 1954 non
1174 1905 1361 1953 commemo·

184 2005 309 2081 rentur,
349 2016 464 2063 nomen
504 2017 583 2064 vero
623 1997 804 2080 Hyperboli
844 1999 880 2063 in
919 2016 959 2063 ea
1006 1996 1123 2063 fabula
1169 1996 1360 2061 inveniatur

185 2107 383 2192 (vs.1007)‚
419 2111 453 2171 et
486 2106 720 2187 Aristophanis
744 2106 871 2187 Vespas
895 2111 928 2171 et
952 2104 1128 2187 Eupolidis
1156 2103 1263 2170 Urbes
1308 2121 1361 2167 ne·

185 2215 357 2296 glegonter
381 2232 453 2278 oum
477 2213 529 2297 iis,
556 2232 639 2294 quae
674 2210 884 2296 praecedunt,
910 2213 1083 2281 coniurata
1107 2229 1179 2278 essa
1203 2212 1358 2276 arbitror.

186 2322 294 2387 Horas
334 2327 444 2387 antem
480 2339 544 2385 non
580 2321 682 2386 multo
710 2328 785 2402 post
809 2320 944 2403 primam
971 2319 1153 2404 Hyperboli
1178 2318 1358 2390 orationem

184 2431 245 2494 hoo
270 2436 321 2496 est
346 2448 374 2495 a.
389 2430 565 2495 428—'426
592 2435 697 2494 aotam
722 2446 794 2495 esse
819 2447 890 2493 oum
914 2426 1171 2494 Wilamowitzio
1195 2443 1323 2491 censeo.

292 2536 423 2607 Eisdem
460 2536 529 2601 fere
561 2535 764 2616 temporibus
795 2535 981 2602 ldeinekius
1006 2534 1105 2617 (Hist.
1129 2533 1200 2599 orit.
1227 2552 1254 2613 p.
1282 2534 1360 2611 2104)

185 2644 353 2725 Amipsiao
378 2642 526 2715 Fundam
549 2643 706 2708 attribuit
729 2645 826 2713 nixus
851 2624 1038 2724 fragmento
1055 2642 1107 2709 Ill
1126 2642 1180 2720 (K.
1198 2638 1263 2723 17),
1297 2654 1361 2720 qna
1474 2719 1477 2726 Ι

184 2750 335 2833 opinione
358 2748 430 2815 falli
455 2769 519 2815 non
541 2749 685 2816 videtur.
1189 2776 1191 2779 ·

289 2859 342 2923 Ex
367 2857 807 2940 PhormophorisHermippi
832 2858 1023 2939 Athenaeus
1039 2858 1083 2941 (l,
1099 2846 1181 2943 dte)
1206 2872 1359 2936 magnum

184 2965 403 3046 fragmentum
417 2964 645 3050 servavitque
658 2970 932 3051 enarratur,quae
942 2963 1183 3029 bonaBaoohus
1197 2961 1358 3042 navigans

184 3091 225 3137 ox
252 3071 395 3154 singulis
424 3071 559 3137 urbibus
588 3078 622 3136 et
650 3072 840 3154 regionibus
869 3070 1127 3140 Atheniensibus
1149 3068 1312 3134 attulerit:

186 3175 301 3243 ἔσπετε
325 3181 386 3240 νῦν
402 3200 460 3258 μοι
485 3181 620 3241 Μοῦσαι
643 3173 796 3258 ilipula
820 3170 943 3259 δώματ’
967 3174 1109 3261 ἔχουσαι,

184 3282 219 3361 ἐξ
239 3269 278 3349 ori
302 3285 482 3372 ναυκληρεῖ
501 3281 657 3356 Διόνυσος
681 3278 737 3350 ἐπ’
761 3284 882 3349 οἴνοπα
905 3282 1038 3370 πόντον,

184 3385 254 3456 ὅσσ’
278 3384 381 3473 α’γαθ’
403 3384 599 3476 ἀνθρώποις
622 3385 711 3478 δεῦρ’
734 3389 831 3479 ἤγαγε
855 3395 909 3470 νηὶ
932 3393 1079 3479 μελαίνῃ.

183 3607 239 3671 καὶ
263 3600 355 3691 παρὰ
379 3603 538 3672 Σιτάλκου
566 3602 683 3693 ψώραν
707 3607 1028 3693 Λακεδαιμονίοισιν

183 3716 240 3778 καὶ
262 3710 355 3798 παρὰ
380 3715 564 3805 Περδίκκου
590 3711 697 3801 ψεύδη
721 3717 836 3779 ναυσὶν
860 3712 952 3780 ποίνυ
976 3716 1121 3786 πολλοῖς.

182 3820 216 3886 αἱ
240 3821 276 3886 δὲ
299 3818 584 3911 Συράκουσαιλσῦς
607 3825 665 3885 καί
684 3819 786 3906 τυρόν
809 3828 1008 3907 παρέχουσιν

183 3932 238 3993 καὶ
261 3932 481 4014 Κερκυραίους
503 3922 521 3991 ὁ
547 3927 715 3993 Ποσειδῶν
738 3926 915 4004 ἐξολέσειεν
991 3935 994 3939 ’

182 4037 296 4100 ναυσὶν
321 4032 378 4098 ἐπὶ
403 4036 590 4120 γλαφυραῖς,
615 4029 686 4121 ὁτιὴ
711 4037 784 4116 δίχα
808 4033 919 4118 θυμὸν
943 4035 1082 4118 ἔχουσιν.

238 4178 270 4248 ¹⁴)
289 4178 357 4232 Nam
385 4193 434 4245 pro
465 4171 656 4254 παρελθόντος
682 4178 734 4233 viri
762 4178 835 4235 dooti
862 4186 934 4234 reete
962 4180 1126 4248 scripserunt
1145 4177 1357 4256 προσελθόντος.

289 4268 379 4322 Arist.
394 4271 453 4322 πολ.
475 4268 572 4321 143.th
592 4261 730 4340 νεώτερον
749 4264 816 4323 ὄντα
834 4272 880 4323 καὶ
900 4265 970 4345 πρὸς
988 4263 1039 4341 τὴν
1059 4265 1140 4326 πόλιν
1159 4258 1214 4340 prbe
1227 4258 1228 4261 Ἴ
1242 4276 1356 4348 προσελ-

289 4352 384 4412 θόντα.
403 4357 541 4411 Demosth.
570 4358 604 4412 de
632 4373 719 4412 coron.
748 4359 800 4412 257
829 4356 925 4432 ἐπειδὴ
944 4355 1015 4435 πρὸς
1033 4356 1067 4416 τὰ
1086 4358 1165 4416 κοινὰ
1185 4365 1355 4438 προσελθεῖν

289 4446 382 4506 ἔδοξέν
399 4467 456 4523 μοι.
