3184 4994
761 413 983 474 „54-

388 605 485 693 'Haec
507 606 611 673 verba
635 605 677 672 ad
701 605 1013 689 quadringentorum
1036 605 1177 691 illorum,
1203 608 1259 688 qui
1285 625 1368 674 cuno
1394 608 1459 672 411

285 732 393 781 rerum
409 713 505 793 potiti
523 719 610 796 sunt,
625 712 852 780 crudelitatem
869 719 1032 798 spectare,
1049 714 1258 782 Fritzschius
1275 714 1370 797 (Rau.
1381 720 1458 797 232)

285 823 449 903 coguovit.
515 820 613 901 Apud
636 821 859 903 Thucydidem
884 820 970 887 enim
995 818 1177 906 (111170)
1211 822 1372 903 scriptum
1409 830 1457 888 est

285 931 327 995 ab
351 929 419 995 illis
443 933 601 994 auuo4ll
629 926 926 1010 aliosinterfectos,
951 928 1035 996 alios
1052 928 1190 1014 vinctos,
1201 929 1286 995 alios
1303 931 1460 1011 expulsos

285 1054 366 1102 esse.
413 1036 475 1102 llio
499 1036 684 1117 fragmento
722 1035 893 1101 coniuncto
922 1035 1076 1118 cumeis,
1102 1036 1221 1116 quibus
1246 1035 1460 1103 Aristarchus

285 1149 564 1229 commemoratur,
600 1143 673 1208 veri
709 1141 910 1207 simillimum
945 1142 983 1207 fit
1018 1141 1243 1223 Triphaleteru
1269 1161 1332 1209 uon
1355 1143 1457 1210 multo

286 1257 358 1332 post
394 1269 516 1316 anuum
550 1253 615 1315 411
652 1255 760 1315 actam
796 1267 877 1317 esse.
924 1249 1026 1316 Nulla
1059 1250 1166 1332 igitur
1192 1268 1292 1317 causa
1316 1255 1376 1336 est,
1397 1269 1454 1317 cur

285 1377 349 1425 uon
374 1377 445 1424 cum
471 1357 589 1425 cotecis
613 1376 699 1423 anno
723 1362 789 1423 410
813 1358 897 1422 hanc
921 1355 1067 1423 fabulam
1092 1358 1320 1424 attribuamus.

393 1465 454 1531 Illa
489 1472 598 1531 autem
634 1465 698 1530 tria
733 1465 819 1531 mala
854 1464 1068 1532 Theramenis
1103 1465 1202 1532 etiam
1235 1465 1321 1548 apud
1358 1465 1460 1533 alium

287 1578 416 1654 poetam
440 1572 597 1654 antiquae
621 1572 806 1638 comoediae
823 1578 1124 1639 commemorantur.
1160 1572 1258 1654 Apud
1269 1573 1460 1655 Polyzelum

286 1679 371 1747 euim
407 1679 441 1745 in
477 1679 738 1762 Demotyndareo
772 1681 852 1746 haec
881 1682 1071 1758 exstabant:
1096 1681 1148 1759 (Κ.
1175 1686 1193 1744 3
1218 1680 1358 1746 Photius
1380 1699 1405 1746 s.
1431 1699 1461 1746 v.

257 1871 259 1876 ,
284 1790 351 1850 τῶν
373 1790 475 1868 τριῶν
499 1790 607 1850 κακῶν
624 1783 684 1869 ἕν.)

284 1897 385 1976 τριῶν
408 1895 516 1957 κακῶν
539 1897 618 1973 γοῦν
642 1873 682 1979 ἦν
706 1886 819 1958 έλέοθ’
842 1886 930 1980 αὐτῷ
950 1917 984 1957 τι
1008 1888 1091 1957 ndc‘
1114 1888 1239 1980 ἀνάγκη

286 1991 307 2087 ἢ
330 1996 428 2076 ξύλον
451 1997 600 2083 ἕφέλκειν
623 1991 644 2085 ἢ
666 1997 920 2091 πιεῑνῖκῶνοιον
943 1992 964 2086 ἢ
986 1998 1155 2084 προδόντα

285 2103 345 2194 τὴν
368 2112 452 2172 ναῦν
476 2101 563 2181 ὅπως
585 2104 722 2188 τάχιστα
745 2110 811 2172 τῶν
833 2112 941 2172 κακῶν
965 2104 1202 2194 ἀπαλλαγῆναι.

285 2211 378 2280 ταῦτ’
403 2212 469 2281 ἔστι
491 2218 566 2299 τρία
591 2219 816 2302 Θηραμένους,
840 2209 862 2280 ἅ
884 2234 937 2281 σοι
960 2211 1118 2299 onlantc‘
1141 2213 1266 2282 acatal

395 2325 516 2391 Narrat
540 2324 593 2393 hic
623 2325 743 2405 aliquis
772 2342 871 2391 unum
895 2344 914 2390 e
938 2306 1044 2390 tribus
1068 2324 1164 2390 molis
1186 2324 1307 2390 homiui
1333 2324 1460 2390 cuidam

288 2431 473 2514 eligendum
499 2430 600 2498 larissa
624 2431 842 2512 admonetque
859 2450 942 2516 eum,
968 2437 1005 2498 ut
1020 2432 1102 2499 baec
1117 2432 1184 2497 tria
1216 2432 1302 2498 mala
1321 2432 1463 2498 maxime

287 2545 413 2607 caveat.
461 2538 616 2605 Videmus
651 2538 753 2621 igitur
787 2540 886 2606 etium
915 2539 1213 2622 Demotyndareum
1232 2546 1312 2620 *post
1337 2558 1457 2605 anuum
1574 2524 1575 2535 ¹

286 2652 349 2712 411
377 2654 482 2712 comm
505 2664 579 2711 csse
600 2664 706 2727 neque
739 2645 946 2713 Fritzschius
970 2646 1133 2712 dubitavit
1159 2644 1211 2731 (R.
1227 2665 1259 2728 p.
1273 2645 1352 2731 233)
1379 2647 1456 2712 hauc

287 2752 433 2819 fabulam
457 2752 554 2818 alteri
579 2752 630 2818 vel
656 2753 755 2819 tertio
780 2771 864 2818 anno
889 2753 983 2819 olba
1008 2754 1203 2819 adscribere,
1238 2753 1300 2820 Sed
1315 2754 1461 2820 Kockius

288 2867 377 2927 recte
401 2859 486 2926 vidit
519 2862 579 2926 hoc
614 2861 683 2925 loco
718 2875 781 2926 non
806 2861 917 2928 cadem
942 2860 1007 2926 triu
1031 2861 1116 2927 mala
1140 2867 1239 2941 atque
1263 2879 1364 2942 supra
1388 2862 1463 2927 dici.

287 2970 399 3049 Neque
423 2968 507 3034 cuim
532 2968 751 3036 Theramenes
775 2987 860 3034 anno
885 2975 947 3034 411
975 2987 1167 3051 quemquam
1192 2986 1295 3034 naves
1328 2969 1464 3049 prodere

287 3075 403 3158 coegit.
428 3075 532 3159 Quam
544 3074 770 3142 difficultatem
784 3084 821 3140 ut
831 3076 1053 3158 expediamus,
1068 3077 1166 3157 paulo
1180 3077 1315 3141 uberius
1345 3076 1386 3142 de
1405 3077 1460 3142 illo

288 3182 461 3265 proverbio
498 3182 719 3248 disserendum
750 3185 823 3248 erit.
871 3184 921 3249 ΕΚ
945 3185 1189 3266 proverbiorum
1214 3184 1461 3249 collectionibus

288 3288 421 3375 (Zenob.
448 3289 504 3373 VI,
520 3292 571 3370 10,
586 3290 731 3370 Apostol.
761 3290 861 3372 XVI,
891 3296 945 3373 ab,
977 3291 1122 3373 Append.
1152 3289 1209 3374 IV,
1235 3295 1291 3370 et)
1316 3290 1468 3355 videmus

288 3392 328 3461 τοὶ
364 3399 441 3482 τρία
475 3393 521 3467 εἰς
555 3389 614 3459 τὸν
648 3393 797 3461 θάνατον
820 3398 854 3462 iu
884 3399 1048 3479 proverbii
1074 3416 1167 3464 usum
1193 3397 1317 3465 abiisse.
1364 3392 1467 3475 Quod

291 3506 417 3572 duabus
451 3503 634 3571 rationibus
658 3504 853 3587 explicatur,
878 3524 1014 3586 quarum
1040 3507 1177 3573 alteram
1203 3505 1253 3571 hio
1277 3500 1465 3568 afferimus:
1563 3492 1568 3501 '

291 3609 388 3677 ἄλλοι
411 3611 446 3675 δὲ
470 3612 579 3694 φασὶν·
602 3607 737 3675 ἐπὶτῶν
764 3604 1053 3696 κατακρινομένῶν
1074 3614 1120 3698 τῷ
1142 3608 1278 3697 θανάτφ
1303 3611 1461 3691 προςεφέ-

293 3740 368 3804 ρετο
391 3715 431 3783 τὰ
455 3722 530 3801 τρία
558 3722 672 3782 ταῦτα·
705 3721 804 3802 ξίφος,
828 3716 958 3807 βρόχος,
983 3717 1129 3785 κώνειον.
1154 3720 1276 3802 Quinto
1298 3737 1378 3785 vero
1404 3719 1465 3783 iam

292 3828 422 3894 saeculo
446 3828 505 3891 hoc
530 3828 735 3906 proverbium
761 3828 795 3892 in
821 3847 881 3894 usu
904 3827 1006 3893 fnisse
1030 3827 1255 3910 cognoscimus
1279 3845 1319 3892 ex
1342 3823 1467 3891 scholio

294 3935 484 4001 Pindaricos
509 3931 570 4020 [01.
583 3934 609 4003 Ι,
624 3931 679 4022 97]
695 3931 778 3999 ἔνιοι
792 3934 827 3998 δὲ
841 3927 891 3998 ὅτι
902 3938 978 4018 τρία
989 3934 1118 4014 λέγεται
1131 3937 1247 4006 κοινῶς
1260 3934 1316 3996 καὶ
1327 3926 1368 3996 τοὶ
1382 3924 1469 4015 πρὸς

293 4037 354 4105 τόν
378 4038 528 4105 θάνατον
551 4046 771 4127 συνεργοῦντα
794 4044 896 4124 ξίφος,
921 4036 1055 4128 ιῖγχάνη,
1080 4037 1229 4128 κρημνός.
1254 4038 1423 4123 Σοφοκλῆς

401 4144 501 4213 Λύσω
525 4144 597 4234 γάρ,
621 4145 653 4212 εἰ
675 4151 730 4212 καὶ
752 4151 816 4212 τῶν
839 4152 936 4234 τριῶν
959 4145 996 4212 ἓν
1021 4146 1163 4230 οἴσομαι.

347 4327 382 4393 ⁴²)
403 4327 522 4381 Primum
539 4340 645 4380 versum
664 4325 706 4379 ita
723 4325 839 4379 correxit
857 4325 1006 4379 lleiuehius
1025 4325 1109 4399 τριῶν
1127 4323 1220 4379 κακῶν
1238 4324 1269 4379 ἕν
1288 4311 1392 4394 ἦν...

402 4416 521 4470 chkius
539 4415 622 4491 τριῶν
634 4413 727 4469 κακῶν
746 4414 779 4470 ἓν
798 4413 865 4487 γοῦν
884 4414 995 4470 ἑλέσθαι
1015 4402 1120 4470 todoat.
1195 4420 1232 4482 lp.
1243 4414 1307 4476 790)

401 4505 531 4561 adhibitis
549 4505 709 4560 coniecturis
728 4504 821 4559 Cobeti
839 4508 868 4559 et
886 4504 1066 4559 Herwcrdeni.

1556 4596 1569 4967 ι
