3184 4994
271 621 406 689 Accedit
428 619 499 685 alia
521 620 680 700 quaestio.
727 620 809 685 Nam
835 619 1017 687 Philonidis
1041 619 1254 687 Praeiudium
1278 622 1339 686 hoc

163 748 228 796 uno
252 732 325 796 loco
345 734 626 809 commemoratur,
650 733 765 793 contm
788 726 1025 808 Aristophanis
1041 727 1339 794 eiusdemnominis

164 837 277 903 fabula
313 835 444 917 saepius
477 837 610 901 citatur.
658 834 740 900 Inde
764 834 950 915 complures
974 834 1038 899 viri
1052 834 1151 901 docti
1174 836 1339 902 concluse-

163 951 238 1011 runt
272 943 477 1009 Philonidem
512 951 545 1008 et
581 941 813 1022 Aristophanis
844 941 979 1023 Vespas
1011 950 1045 1008 et
1068 944 1214 1010 eiusdem
1238 945 1338 1010 Prae·

160 1050 343 1117 ludiumin
368 1069 499 1115 scenam
526 1049 744 1130 commisisse;
767 1048 825 1114 alii
848 1050 909 1115 hoc
932 1051 1005 1115 loco
1029 1049 1133 1131 ipsius
1149 1051 1338 1119 Philonidis

161 1159 305 1225 fabulam
349 1156 595 1222 commemorari
639 1157 852 1223 contendunt.
911 1155 1056 1239 Quorum
1102 1158 1270 1224 sententia
1309 1160 1338 1226 si

159 1286 242 1334 vara
276 1273 337 1350 est,
375 1265 446 1330 sine
483 1265 582 1329 dubio
615 1258 669 1328 διὰ
708 1263 893 1328 Φιλωνίδου
929 1265 1111 1330 delendum.
1137 1271 1198 1346 est,
1233 1285 1339 1349 neque

160 1376 248 1441 enim
274 1371 429 1438 credibile
452 1377 504 1437 est
530 1372 619 1437 illum
644 1380 679 1437 et
702 1390 794 1439 suam
819 1378 853 1438 et
878 1372 1108 1454 Aristophanis
1132 1370 1279 1440 fabulam
1303 1374 1337 1439 in

160 1498 289 1545 scenam
314 1479 525 1556 commisisse.
575 1480 640 1546 Sed
664 1480 745 1547 haec
769 1498 823 1546 res
847 1498 920 1547 mea
944 1479 1075 1560 quidem
1100 1482 1268 1547 sententia
1296 1482 1339 1547 ad

161 1585 324 1668 liquidum
348 1588 481 1669 perduci
506 1605 570 1652 non
595 1594 714 1670 potest,
738 1604 844 1667 nequae
868 1593 977 1653 tamen
1001 1593 1064 1663 est,
1088 1588 1173 1669 quod
1191 1587 1232 1653 de
1249 1607 1335 1655 anno

159 1693 345 1760 fabularum
381 1702 574 1777 argumento
609 1695 791 1776 vesparum
831 1702 1100 1775 enumeratamm
1142 1696 1337 1762 dubitemus.

159 1801 230 1866 Hoc
265 1801 459 1867 monendum
493 1807 546 1868 est
582 1804 683 1868 verba
707 1805 729 1883 β
752 1781 809 1886 ἦν,
827 1821 912 1883 quae
928 1804 1149 1885 ,praecedunt
1174 1804 1334 1884 temporis

156 1908 293 1994 notioni,
320 1910 545 1991 postponenda
569 1928 652 1975 esse.
970 1984 974 1991 .

264 2019 418 2082 Atanno
446 2024 534 2093 1888,
554 2037 620 2086 van
638 2018 803 2083 Laeuwen
821 2008 1050 2102 (Mnemosjrne
1067 2019 1129 2105 vol
1149 2024 1188 2084 16
1206 2039 1235 2100 p.
1256 2019 1334 2098 251)

156 2125 259 2187 verba
295 2118 349 2186 dod
385 2123 566 2188 Φιλωνίδου
602 2125 707 2190 deleri
742 2143 839 2207 posse
873 2143 998 2206 negans
1033 2125 1129 2191 aliam
1153 2126 1229 2192 hnic
1262 2127 1334 2191 loco

157 2230 316 2296 medelam
340 2231 509 2297 invenisse
533 2232 597 2298 sibi
622 2232 763 2298 videtur.
798 2233 880 2298 Nam
905 2251 976 2315 eum
1014 2234 1094 2317 sibi,
1110 2234 1335 2319 persuasisset

157 2336 369 2404 Praeiudium
394 2339 629 2421 Aristophanis
653 2358 724 2406 esse
743 2339 900 2422 fabulam,
925 2341 1063 2423 negavit
1086 2334 1334 2429 fieri‘potuissa
1444 2332 1446 2337 ’

157 2450 194 2509 ut
218 2445 303 2511 idam
326 2452 425 2528 poeta
461 2465 518 2528 per
546 2448 695 2525 fraudem
721 2448 802 2514 duas
826 2448 1010 2514 comoedias
1034 2449 1067 2513 in
1092 2467 1224 2515 scenam
1249 2468 1335 2515 com·

142 2553 311 2618 mitteret.
360 2553 470 2636 Quare
505 2556 608 2621 verba
637 2563 792 2636 corrupta
825 2555 875 2620 lta
902 2555 1059 2621 mutanda
1082 2574 1164 2638 esse,
1190 2561 1227 2620 ut
1251 2556 1341 2625 haec.

138 2659 334 2726 difficultas
357 2668 594 2729 removeretur.
615 2664 752 2743 'ltaque
775 2663 901 2729 reiecta
917 2663 1157 2745 Kanngiesseri
1179 2663 1332 2744 opinione

155 2768 242 2832 hunc
265 2768 298 2833 in
323 2769 453 2834 modum
478 2770 692 2836 didascalion
717 2771 909 2837 constituit:

232 2933 235 2938 .
262 2870 421 2960 ἐδιδάχθη
468 2873 526 2941 ἐπὶ
559 2874 715 2956 ἄρχοντος
749 2870 909 2957 Ἀμεινίου
945 2872 999 2941 διὰ
1033 2876 1226 2941 Φιλωνίδου.
1265 2874 1332 2941 Εὕ-

158 2978 256 3050 nodos
279 2976 398 3044 πόλεσι
422 2981 571 3069 δεύτερος
602 2970 642 3070 ἦν
662 3023 689 3031 -
717 2987 774 3049 καὶ
805 2982 836 3056 ἐς
858 2981 977 3071 incula
1013 2980 1106 3047 ἐνίκα
1151 2984 1333 3072 Φιλωνίδης

156 3083 335 3170 Προάγωνι
358 3124 401 3135 -
424 3087 750 3177 ΛεύκωνΠρέσβεσι
773 3096 887 3175 τρίτος.

262 3213 451 3297 Speciosam
495 3237 569 3285 esse
603 3219 689 3284 hanc
735 3219 956 3284 coniecturam
991 3218 1231 3284 concedendum
1269 3227 1330 3301 est,

156 3348 231 3397 nam
243 3325 415 3411 Idupolidis
429 3326 534 3393 Urbes
547 3326 614 3392 illis
627 3326 832 3408 temporibus
847 3334 953 3392 actam
967 3344 1040 3392 esse
1052 3326 1131 3392 mihi
1143 3326 1329 3392 iamdudum

155 3439 340 3519 constabat,
364 3453 469 3516 neque
484 3436 573 3500 -haec
596 3434 699 3500 verba
722 3433 820 3499 nimis
844 3433 941 3516 longe
964 3435 1085 3500 absunt
1114 3453 1133 3499 a
1163 3434 1330 3514 scriptura

157 3546 288 3610 tradita.
335 3545 458 3609 Tamen
483 3542 670 3607 coniectura
683 3559 761 3608 vera
778 3560 850 3609 esse
866 3561 929 3607 non
947 3548 1064 3624 potest.
1100 3542 1183 3607 Nam
1197 3542 1327 3607 etiamsi

156 3648 364 3717 Praeludium
398 3651 502 3732 ipsius
538 3649 771 3730 Aristophanis
806 3650 1001 3715 comoediam
1025 3648 1130 3715 fuisse
1154 3648 1326 3733 credimus,

154 3762 263 3820 tamen
279 3776 342 3822 van
359 3760 524 3825 Leenwen
539 3776 608 3823 eam
626 3756 735 3822 eodem
753 3755 849 3838 festo,
867 3775 930 3837 quo
950 3758 1089 3839 Vespas,
1106 3756 1160 3839 agi
1177 3758 1326 3839 potuisse

153 3862 371 3928 corridentius
406 3884 501 3946 quam
537 3865 649 3930 verius
684 3864 831 3946 negavit.
876 3865 956 3928 Tam
994 3883 1098 3945 pauca
1121 3864 1207 3930 enim
1231 3865 1326 3930 nobis

152 3971 192 4036 de
216 3969 467 4037 Atheniensium
503 3991 539 4038 re
575 3973 707 4038 scenica
740 3970 866 4036 tradita
901 3980 988 4056 sunt,
1026 3978 1063 4036 ut
1101 3989 1234 4051 prorsus
1270 3985 1352 4037 ner

150 4078 303 4160 sciamus
338 4096 402 4158 qua
436 4080 563 4146 ratione
587 4080 708 4145 archon
743 4080 777 4144 in
802 4079 900 4144 choro
925 4080 1068 4162 singulis
1100 4079 1205 4159 poetis
1229 4080 1324 4144 attri-

148 4189 278 4254 buendo
301 4205 380 4252 usus
405 4187 457 4253 sit.
504 4188 623 4269 Itaque
659 4187 762 4254 statui
798 4206 862 4252 non
897 4192 1006 4269 potest
1037 4189 1227 4252 archontum
1251 4186 1323 4254 sine

149 4296 246 4361 dnbio
269 4296 371 4361 talem
405 4293 552 4359 fraudem
586 4296 794 4377 cogniturum
825 4300 924 4376 atque
955 4301 1082 4375 poetam
1115 4295 1250 4359 chorum
1274 4296 1323 4359 bis

148 4409 311 4483 petentem
337 4402 451 4469 statim
474 4402 672 4468 reiecturum
696 4400 808 4468 fuisse.
847 4403 950 4467 Immo
974 4420 1015 4467 ex
1039 4401 1092 4484 iis,
1118 4419 1202 4481 qnae
1227 4403 1322 4469 nobis
