3184 4994
728 417 949 479 ..56ss

256 604 374 689 Argivi
399 626 470 673 cum
497 608 581 674 bollo
606 606 836 674 Archidamlco
860 628 879 673 a
902 610 1052 676 neutrius
1075 610 1226 693 partibus
1249 609 1431 696 stetissent,

256 731 342 780 anno
376 720 440 781 421
483 715 597 782 foedus
632 732 703 780 cum
740 715 1005 783 Mantinensibus
1039 723 1074 784 et
1109 717 1289 784 Corinthiis
1317 724 1434 783 contra

258 821 477 891 Athenienses
512 828 547 888 et
581 822 856 889 Lacedaemonios
880 821 1036 890 iecerunt.
1083 824 1207 891 Deinde
1230 843 1288 907 per
1311 842 1433 890 annum

257 933 322 993 420
358 928 449 994 dubii
485 929 633 1011 haerent,
667 946 754 994 anno
790 948 868 996 vero
904 936 969 996 419
994 931 1067 996 dolo
1090 930 1273 998 Alcibiadis
1297 930 1434 996 adducti

256 1043 343 1121 sunt,
382 1043 418 1102 ut
452 1055 524 1103 curn
557 1034 815 1103 Atheniensibus
849 1037 963 1104 foedus
998 1040 1156 1121 facerent,
1196 1038 1280 1120 quod
1316 1037 1434 1104 foedus

257 1132 365 1233 hieme
399 1141 522 1229 418lli
557 1144 715 1209 societate
750 1162 821 1209 cum
847 1145 1117 1212 Lacedaemoniis
1152 1146 1236 1211 inita
1258 1151 1428 1226 ruperunt.

258 1250 370 1328 (Thus.
396 1252 435 1335 V,
451 1250 515 1334 79.)
551 1253 759 1336 Quapropter
799 1270 863 1316 non
907 1258 985 1318 aute
1028 1253 1068 1318 ol.
1105 1258 1198 1334 90‚4
1222 1254 1314 1337 (416)
1351 1253 1430 1318 hanc

257 1358 403 1425 fabulam
428 1358 536 1424 doceri
561 1358 706 1441 potuisse
732 1358 985 1442 Meinekius(1‚
1010 1379 1039 1440 p.
1065 1359 1121 1443 91)
1145 1359 1278 1425 indicat.
1320 1360 1430 1440 Neque

257 1473 366 1533 tamen
390 1466 432 1532 ad
455 1466 543 1533 illius
567 1465 710 1532 foederis
734 1484 806 1532 cum
831 1467 1087 1533 Atheniensibus
1111 1466 1190 1533 facti
1221 1466 1433 1533 violationem

257 1575 338 1640 haec
374 1576 475 1640 verba
505 1572 680 1641 referenda
714 1592 786 1641 esse
821 1580 961 1657 constat,
986 1575 1045 1641 sed
1069 1593 1110 1641 ex
1132 1575 1203 1657 ipso
1227 1574 1284 1639 ilio
1307 1559 1436 1647 'Aristo-

258 1680 378 1777 phanis
401 1682 480 1762 loco‚
507 1700 600 1763 quem
625 1700 726 1763 supra
743 1680 987 1762 adscripsimus,
1012 1682 1222 1765 cognoscitur
1236 1681 1338 1749 etiam
1354 1688 1434 1747 aute

258 1770 372 1859 Niciae
406 1807 520 1871 pacem
556 1789 698 1869 Argivos
741 1784 1018 1873 ἐπαμφοτερίζειν
1049 1789 1113 1855 dici
1150 1789 1304 1870 potuisse.
1343 1790 1436 1854 Haec

258 1878 362 1979 igitur
386 1895 499 1962 fabula
523 1897 564 1960 ab
588 1896 684 1961 initio
721 1895 799 1962 belli
824 1897 866 1962 ad
890 1914 1011 1963 annum
1035 1902 1100 1963 416
1125 1902 1200 1963 acta
1223 1915 1297 1963 esse
1320 1901 1438 1977 potest,

257 2005 339 2070 Nam
365 2005 406 2069 ab
430 2004 488 2069 illo
511 2011 656 2085 tempore
679 2003 798 2087 Argivi
822 2003 1079 2070 Atheniensibus
1102 2005 1215 2070 fideles
1240 2009 1344 2070 erant.

366 2127 497 2194 Eisdem
523 2126 592 2195 lere
616 2129 736 2195 linibus
761 2128 910 2195 Platonis
939 2128 1101 2195 Pisander
1140 2127 1436 2195 circumscribendo

260 2233 990 2303 1111111111ιὶ11111111111114251111111111
1007 2234 1298 2317 docuit‚Pisander
1314 2240 1436 2315 antem,

260 2345 300 2409 de
335 2361 397 2425 quo
434 2342 820 2426 1111111111(Ι,ρ.11)
857 2343 937 2425 egit,
967 2351 1045 2409 ante
1069 2359 1190 2409 annum
1215 2347 1277 2407 411
1304 2343 1437 2407 illorum

260 2444 572 2537 quadringentorum
598 2454 733 2534 imperio
758 2454 865 2519 deleto
890 2455 1067 2520 Deceleam
1093 2452 1133 2518 ad
1158 2451 1436 2519 Lacedaemonios

261 2559 411 2643 confugit
436 2578 541 2642 neque
564 2568 634 2641 post
660 2560 743 2627 illud
766 2566 893 2642 tempus
917 2579 1058 2643 unqrram
1084 2578 1157 2626 eum
1192 2560 1328 2626 rediisse
1363 2577 1437 2625 con·

261 2675 453 2755 sentaneum
493 2673 552 2734 est.
599 2669 691 2734 Haec
729 2669 834 2751 igitur
871 2668 984 2734 fabula
1022 2670 1111 2734 inter
1149 2686 1269 2733 annum
1299 2671 1364 2731 425
1401 2673 1437 2731 et

261 2777 392 2859 Lenaea
417 2779 520 2841 a.411
547 2781 621 2841 acta
645 2783 704 2843 est.
729 2778 812 2842 Nam
836 2775 1004 2859 Dionysiis
1028 2776 1118 2841 illius
1143 2776 1218 2841 anni
1245 2776 1341 2841 docta
1364 2791 1436 2839 esse

263 2901 325 2948 non
350 2889 469 2966 potest,
493 2883 578 2964 qnod
603 2889 672 2950 tum
695 2884 760 2949 iam
785 2883 1017 2966 quadringenti
1046 2882 1180 2949 illiniri
1205 2901 1313 2948 rerum
1338 2880 1436 2964 potiti

263 2995 367 3065 erant.
413 2990 524 3072 Ipsum
560 3010 681 3056 annum
717 2992 814 3059 huius
849 2991 979 3058 fabulae
1010 2990 1193 3071 complures
1236 2990 1301 3057 viri
1349 2988 1436 3054 docti

263 3097 432 3163 invenisse
455 3098 518 3164 sibi
543 3097 705 3165 videntur.
745 3099 930 3165 Meinekius
956 3098 997 3182 (Ι,
1024 3098 1104 3181 179)
1128 3098 1214 3164 enim
1240 3100 1281 3164 ob
1305 3096 1436 3178 insigne

263 3203 416 3288 ignaviae
452 3205 644 3288 exemplum,
681 3206 764 3287 quod
801 3205 840 3270 ol.
865 3211 917 3288 89,
945 3213 962 3270 3
987 3204 1163 3272 secundum
1188 3204 1435 3286 Xenophontem

263 3310 470 3395 (Gaurion,
498 3315 552 3394 14)
577 3313 739 3398 praebuit,
765 3314 824 3378 illo
847 3314 1043 3387 annohano
1065 3314 1210 3379 tabulam
1235 3320 1340 3378 actam
1364 3327 1436 3375 esse

263 3427 382 3491 censet.
430 3419 530 3486 Cuius
568 3419 764 3486 sententiam
802 3421 944 3487 Cobetus
979 3420 1155 3504 refutavit,
1181 3421 1236 3503 qui
1260 3437 1345 3485 anno
1369 3419 1434 3482 425

264 3528 458 3594 Pisandrum
495 3536 600 3593 actam
637 3545 709 3593 esse
737 3528 890 3595 evincere
924 3530 1042 3595 studet.
1090 3528 1183 3611 Quae
1209 3528 1249 3593 ad
1272 3545 1344 3592 eam
1369 3525 1437 3607 opi·

263 3636 391 3702 nionem
426 3635 678 3701 confirmandam
714 3634 754 3701 de
788 3636 991 3717 Antiphonte
1026 3644 1061 3702 et
1096 3636 1136 3701 de
1170 3635 1315 3701 Euathlo
1347 3632 1436 3713 dicit,

263 3744 374 3827 magni
393 3743 563 3809 'momenti
596 3762 660 3808 non
696 3761 768 3809 esse
804 3749 943 3826 apparet
977 3745 1019 3825 (p.
1057 3747 1117 3809 134
1126 3744 1224 3827 11111.)
1272 3742 1354 3808 Nam
1377 3757 1437 3806 nac

263 3851 442 3917 Euathlum
478 3852 576 3932 paulo
613 3856 687 3931 post
725 3869 844 3917 annum
881 3856 945 3916 425
971 3857 1134 3916 mortuum
1159 3869 1233 3917 esse
1259 3869 1318 3916 nec
1343 3847 1437 3914 Anti·

264 3960 416 4040 pluentem
441 3967 515 4040 post
543 3959 633 4024 illum
668 3978 787 4025 annum
819 3959 859 4024 ob
883 3958 965 4024 lucri
989 3957 1173 4042 cupidinem
1197 3957 1349 4025 vellicari
1372 3974 1436 4022 non

264 4066 411 4148 potuisse
434 4066 680 4131 demonstravit.
718 4065 831 4132 'lertio
854 4067 924 4131 loco
946 4065 987 4129 ad
1011 4065 1209 4131 sententiam
1225 4063 1436 4131 evincendam

264 4173 459 4255 fragmentis
484 4179 536 4258 99,
566 4179 627 4239 loo
652 4173 691 4238 K.
726 4174 842 4255 utitur,
879 4171 997 4253 quibus
1025 4173 1197 4238 Platonem
1223 4170 1437 4251 Aristophani

264 4281 391 4347 obicere
428 4286 533 4363 putat,
571 4280 656 4363 quod
681 4299 757 4347 suas
781 4281 913 4346 fabulas
948 4299 1006 4362 per
1031 4280 1113 4345 alios
1148 4287 1261 4360 poetes
1299 4279 1436 4358 doceret.

263 4388 346 4455 Inde
382 4388 549 4455 concludit
585 4387 729 4454 fabulam
766 4407 850 4453 anuo
883 4395 947 4454 425
984 4394 1089 4454 actam
1127 4406 1210 4455 esse.
1256 4388 1339 4452 Nam
1363 4391 1438 4467 post
