3184 4994
659 450 882 511 „45-

183 641 399 707 demonstrari
426 646 535 722 potest
558 661 641 724 eum,
668 642 829 724 quiillud
854 634 1163 724 finxitcognitum
1197 640 1362 722 habuisse,

182 769 247 830 quo
273 768 357 815 anno
382 750 511 830 Baptae
535 750 630 815 docta
654 748 760 835 sitm).
826 746 846 765 ⁸
1083 767 1085 771 ’
1322 767 1326 775 ,

292 878 338 940 At
359 893 402 940 ne
425 877 497 956 ipse
522 875 650 955 quidem
665 875 851 941 Meinelrius
874 877 935 940 hoc
958 876 1052 940 modo
1082 874 1363 940 narratiunculam

185 981 276 1047 illam
303 973 500 1067 explicavit,
527 982 584 1047 sed
620 1000 690 1047 eam
728 1001 769 1048 ex
804 1001 884 1048 vera
907 981 948 1071 de
972 981 1145 1063 Eupolidis
1170 988 1274 1046 morte
1298 987 1365 1045 tra·

185 1089 317 1174 ditione,
342 1108 427 1170 quae
451 1090 539 1172 apud
563 1089 695 1155 Suidam
719 1095 853 1181 servata
877 1095 974 1174 esset,
1000 1097 1109 1154 natam
1135 1107 1208 1154 esse
1243 1095 1364 1163 censet.

87 1268 91 1273 ,
185 1197 281 1277 Apud
307 1197 439 1262 Suidam
464 1198 552 1262 enim
575 1213 600 1261 s,
624 1216 654 1262 v.
679 1192 824 1268 Εὔπολις
860 1197 940 1262 haec
980 1196 1154 1278 leguntur:
1210 1189 1365 1259 ἀπέθανε

185 1299 267 1366 κατὰ
292 1297 535 1388 Ἑλλήσποντον
568 1299 603 1366 ἐν
630 1307 675 1388 τῷ
708 1299 789 1388 πρὸς
819 1304 1108 1387 Λακεδαιμονίους
1142 1303 1275 1388 πολέμῳ
1310 1301 1366 1364 καὶ

185 1406 221 1473 ἐκ
235 1407 352 1473 τούτου
370 1406 519 1497 ἐκωλύθη
537 1407 774 1505 στρατεύεσθαι
787 1406 941 1496 ποιητήν.
967 1412 1028 1476 His
1052 1410 1160 1477 verbis
1179 1410 1366 1476 Meinekius

187 1518 482 1598 splendidissimam
506 1518 595 1584 illa-m
621 1518 664 1584 ad
680 1519 878 1601 Cynossema
895 1537 1038 1601 pugnam
1057 1517 1238 1601 significari
1255 1522 1361 1599 putat,

186 1625 309 1705 inqua
345 1608 495 1708 magnas¹
516 1625 699 1691 Alcibiadis
736 1633 846 1706 partes
878 1624 982 1692 fuisse
1007 1631 1145 1691 constet.
1194 1625 1229 1691 Si
1255 1631 1363 1690 autem

187 1732 324 1814 Eupolis
361 1733 484 1814 proelio
519 1734 576 1798 illo
612 1733 804 1816 interiisset,
837 1753 902 1815 non
927 1752 1000 1800 esse
1023 1733 1241 1816 improbabile
1266 1733 1364 1798 exsti·

186 1839 276 1923 tisse,
314 1840 369 1921 qui
407 1841 440 1906 id
481 1841 653 1907 Alcibiade
691 1841 901 1907 machinante
939 1840 1061 1907 iactum
1102 1858 1174 1906 esse
1210 1839 1364 1905 dicerent.

189 1945 290 2029 Quem
327 1967 488 2014 rumorem
527 1956 640 2030 postea
670 1948 711 2012 ad
735 1948 973 2029 expeditionem
999 1948 1140 2014 Siculam
1165 1949 1364 2013 translatum

188 2072 268 2120 esse.
304 2055 372 2121 Nec
395 2061 506 2121 tamen
530 2057 591 2120 hoc
615 2055 708 2120 modo
734 2057 958 2135 quaestionem
984 2055 1067 2121 solvi
1093 2073 1189 2136 posse
1213 2055 1366 2120 arbitror.

187 2162 268 2226 Nam
294 2162 518 2245 dubitarem
554 2162 613 2226 ilia
649 2162 796 2226 narratio
831 2162 915 2243 apud
955 2180 1053 2226 unum
1078 2161 1211 2228 Suidam
1236 2156 1367 2226 servata

187 2287 268 2333 vera
292 2268 343 2333 sit.
379 2271 492 2348 Neque
516 2268 600 2334 enim
618 2269 856 2334 Eratosthenes
880 2269 951 2349 ipse
967 2268 1109 2334 certiora
1139 2269 1178 2334 de
1196 2268 1367 2351 Eupolidis

188 2380 292 2441 morte
316 2382 484 2457 comperta
508 2376 662 2442 habuisse
686 2376 826 2443 videtur.
873 2375 984 2442 Cicero
1009 2376 1094 2441 anim
1132 2374 1189 2460 (ad
1213 2380 1283 2440 Att.
1309 2375 1367 2457 VI,

188 2484 217 2564 l,
246 2484 298 2563 la)
322 2482 585 2566 Eratosthenem,
622 2491 658 2548 ut
694 2484 933 2549 demonstraret
969 2484 1113 2565 Eupolin
1149 2468 1214 2548 non
1238 2501 1310 2548 esse
1334 2482 1366 2546 in

190 2590 308 2656 Sicilia
331 2590 551 2673 interiectum,
576 2591 646 2657 eius
670 2590 803 2656 fabulas
827 2598 903 2672 post
927 2591 966 2656 ol.
986 2597 1038 2672 92,
1060 2597 1072 2654 l
1094 2596 1186 2656 actas
1210 2590 1365 2656 attulisse
1464 2616 1467 2622 ·

190 2699 280 2764 dicit.
328 2699 493 2781 Quomodo
517 2707 626 2764 autem
650 2699 709 2764 illa
732 2698 888 2774 narratio,
914 2718 998 2780 quae
1023 2700 1110 2780 apud
1133 2698 1265 2764 Suidam
1300 2716 1367 2763 ser·

190 2811 269 2870 rata
293 2812 355 2886 est,
380 2814 451 2871 orta
483 2807 536 2888 sit,
573 2807 672 2872 facile
708 2806 866 2887 explicari
907 2814 1024 2888 potest.
1067 2807 1244 2887 Postquam
1281 2806 1365 2872 enim

191 2911 431 2978 Eratosthenes
455 2913 694 2979 demonstravit
710 2914 861 2979 illum‘de
879 2914 1051 2979 Alcibiade
1067 2932 1227 3004 rumorem
1245 2911 1366 2978 falsum
1419 2900 1425 2923 ³

193 3036 275 3101 esse,
301 3020 505 3098 grammatici
528 3027 674 3102 ternpore
698 3029 824 3087 mutato
838 3022 952 3086 mortis
970 3022 1128 3086 rationem
1148 3021 1367 3102 retinuerunt.

191 3124 283 3190 Nihil
306 3126 408 3207 igitur
432 3127 471 3192 de
496 3134 650 3209 tempore,
687 3148 749 3209 quo
785 3129 922 3209 Eupolis
958 3138 1104 3193 mortuus
1128 3135 1197 3214 est,
1230 3119 1368 3195 constat.

299 3252 352 3317 Ad
375 3252 487 3317 eadem
513 3252 583 3318 fere
607 3259 754 3335 tempora
779 3262 878 3334 atque
903 3256 1030 3335 Baptae
1055 3254 1149 3338 Pagi,
1184 3254 1369 3320 clarissima

192 3358 363 3440 Eupolidis
387 3357 510 3441 fabula,
536 3356 707 3426 referenda
734 3361 873 3427 videtur.
906 3361 943 3427 In
968 3362 1029 3428 hac
1053 3361 1168 3427 fabula
1192 3362 1368 3428 secundum

192 3466 315 3532 scholia
340 3467 379 3531 ad
405 3467 583 3532 Aristidem
620 3468 779 3547 (Dindorf
797 3469 859 3552 ΙΙΙ,
886 3474 962 3550 672)
988 3470 1149 3552 Solonem,
1185 3469 1367 3535 Miltiadem

193 3574 383 3657 Aristidem,
419 3574 578 3641 Periclem
615 3595 655 3641 ex
689 3577 802 3642 inferis
838 3579 1012 3642 redeuntes
1049 3586 1083 3642 et
1112 3577 1153 3642 de
1176 3596 1213 3642 re
1237 3577 1369 3659 publica

193 3679 392 3748 disserentes
416 3682 508 3748 facit.
555 3684 762 3764 Colloquitur
791 3692 897 3749 autem
924 3703 995 3749 cum
1021 3685 1172 3750 Aristide
1195 3684 1368 3766 Niciese),

195 3787 279 3853 unde
293 3790 476 3856 Meinekius
500 3799 591 3857 recte
616 3793 783 3857 concludit
794 3792 902 3874 Pagos
927 3810 991 3856 non
1016 3799 1186 3872 postquam
1199 3793 1311 3857 Nicias
1334 3793 1369 3856 in

194 3894 341 3961 Siciliam
366 3898 502 3964 abiisset
525 3900 558 3965 id
584 3907 635 3965 est
658 3919 722 3965 non
748 3907 823 3981 post
848 3919 876 3965 a.
902 3903 966 3964 415
993 3905 1098 3964 actam
1126 3919 1206 3965 esse.
1354 3880 1356 3885 ’

301 4018 395 4102 Quod
421 4041 497 4088 vero
522 4028 644 4091 attinet
667 4027 708 4092 ad
734 4027 918 4106 terminum,
943 4032 1021 4090 ante
1046 4044 1140 4106 quam
1166 4025 1248 4106 Pagi
1273 3986 1369 4090 docta

248 4234 282 4302 ³⁴)
302 4233 439 4288 Gilbertus
449 4239 486 4302 (p.
497 4238 561 4301 242)
574 4200 678 4304 Baptae
688 4253 758 4292 anno
769 4238 821 4292 416
832 4237 961 4292 attribuit
971 4236 1059 4291 causis
1079 4197 1182 4291 idoneis
1201 4252 1255 4288 non
1268 4235 1368 4289 allatis.

248 4326 282 4389 85)
301 4324 496 4393 Fragmentum
515 4328 583 4391 (ar),
603 4341 655 4392 quo
674 4326 766 4381 Nicias
785 4334 1016 4394 commemoratur,
1028 4325 1177 4381 lieieakius
1195 4331 1268 4379 recte
1286 4325 1370 4394 Pagis

301 4414 452 4483 adscripsit,
471 4430 556 4482 neque
575 4416 719 4470 Muellerus
737 4417 826 4475 Strub.
844 4421 879 4485 (p.
899 4417 963 4481 287)
983 4431 1042 4470 aum
1061 4415 1200 4470 refutarit.
