3184 4994
642 405 867 467 ..35-

170 606 232 671 hec
262 600 451 685 effimat³⁴l3
487 606 616 667 restant
650 599 753 681 igitur
790 598 949 680 Dionysia
985 597 1062 662 anni
1098 601 1164 662 424
1200 603 1235 662 et
1269 601 1347 677 422,

170 714 368 791 Lenaeeqne
404 708 480 774 anni
515 711 590 774 423.
638 707 784 772 Concedo
820 707 881 770 hoc
914 706 948 771 in
984 705 1175 771 coniectura
1206 704 1346 785 pesitum

171 838 253 900 asse,
288 817 345 883 sed
380 815 540 882 accedunt
577 813 643 878 alia
667 821 873 896 argumenta,
910 803 1030 892 onibus
1055 812 1134 877 haec
1159 811 1349 877 coniectura

170 914 553 992 maxime‘cendrmatnr.
600 921 639 987 In
656 920 853 1003 fragmentis
877 920 961 985 enim
986 919 1123 986 Urbium
1146 920 1251 986 eidem
1278 918 1349 985 fere

169 1033 315 1099 homines
351 1031 531 1096 irridentur
567 1038 667 1109 atque
701 1028 735 1091 in
773 1029 821 1093 eis
845 1026 979 1105 fabulis,
1005 1043 1086 1107 quas
1112 1028 1348 1107 Aristophanes

166 1140 234 1206 illis
258 1138 460 1220 temporibus
483 1137 561 1221 egit,
588 1136 659 1200 dico
673 1135 793 1218 Nubes,
807 1134 943 1218 Vespas,
960 1134 1136 1217 Panemo).
1161 1137 1257 1203 Auno
1270 1153 1348 1200 vero

165 1254 231 1314 425
258 1245 424 1313 Stratocle
459 1244 615 1309 archonte
651 1242 812 1307 sociorum
847 1242 974 1307 tributa
1008 1250 1105 1307 aucta
1142 1249 1235 1324 sunt,
1261 1242 1346 1323 quod

169 1357 209 1423 U.
245 1352 431 1419 Kochlerns
466 1350 705 1417 demonstravit
742 1350 840 1432 (Ablr.
865 1349 922 1415 der
946 1350 1033 1416 Berl.
1061 1349 1236 1416 Academia
1262 1355 1346 1415 1369

166 1482 195 1544 p.
222 1463 274 1543 68,
300 1467 367 1541 69).
402 1461 520 1541 Itaque
546 1457 723 1525 verisimile
749 1467 800 1523 est
824 1458 968 1539 Eupolis
994 1456 1140 1523 tabulam
1160 1457 1348 1539 paulopost

168 1568 257 1651 illam
282 1568 464 1634 auctionem
486 1567 686 1633 ,tributorum
711 1566 744 1629 in
780 1584 909 1632 scenam
935 1565 1143 1631 commisisse.
1191 1565 1348 1630 Praestat

169 1674 271 1758 igitur
294 1676 402 1742 Urbes
437 1693 522 1740 anne
556 1678 619 1738 421
644 1690 741 1755 quam
767 1692 852 1738 amm
883 1678 948 1738 423
974 1673 1026 1738 val
1051 1675 1115 1738 422
1142 1672 1347 1739 adscribere.

275 1786 371 1848 Anno
406 1787 472 1848 422
508 1780 779 1848 Wilamowitnins
814 1781 985 1862 Eupolidis
1021 1783 1163 1847 Auream
1190 1784 1346 1846 Aetatem

167 1893 333 1974 (Χρυσοῠν
357 1893 459 1971 γένος)
486 1890 653 1972 Dionysiis
676 1889 710 1954 in
742 1908 871 1954 scenam
896 1889 1057 1971 prodiisse
1083 1898 1184 1970 atque
1208 1889 1345 1971 primum

165 1998 271 2064 locum
307 1998 491 2064 obtinuisse
534 1997 710 2062 contendit.
772 1997 920 2062 Alteram
962 1996 1183 2061 coniecturam
1229 1995 1346 2061 falsam

166 2123 239 2171 esse
263 2105 420 2186 vidimus3
446 2105 510 2169 iam
536 2104 758 2183 quaerendum
784 2108 846 2185 est,
872 2121 947 2169 num
972 2104 1029 2168 illo
1046 2104 1134 2169 leste
1152 2123 1222 2169 eam
1241 2113 1346 2170 aetam

167 2227 240 2278 esse
272 2216 362 2277 recte
398 2210 565 2276 statuerit.
614 2209 801 2291 Hesychius
825 2228 849 2274 s.
867 2227 896 2273 v.
912 2206 1074 2295 Γαληψός
1112 2210 1191 2277 haec
1226 2212 1345 2278 tradit:

167 2317 279 2392 παίζει
313 2316 376 2397 μὲν
411 2313 556 2388 Εὔπολις
578 2309 669 2400 παρὰ
704 2311 742 2378 τὸ
776 2303 972 2397 ιλαμβάνειν,
1009 2313 1077 2380 ἔστι
1112 2316 1147 2380 δὲ
1172 2320 1228 2381 καὶ
1251 2314 1348 2391 πόλις

167 2426 224 2489 καὶ
245 2421 386 2509 βοτάνης
409 2416 503 2497 εἶδος.
675 2411 678 2417 ’

278 2532 440 2614 Galepsus
478 2539 601 2613 eutem,
637 2535 716 2598 urbs
749 2518 802 2598 111
820 2533 1005 2599 Chalcidice
1028 2533 1103 2614 sita,
1129 2552 1213 2599 anno
1238 2541 1304 2600 424
1327 2557 1347 2600 a

166 2641 308 2707 Brasida
345 2648 534 2723 expugnata
570 2646 622 2705 est
658 2640 770 2721 (Thus.
806 2640 860 2721 lV,
894 2645 978 2719 107).
1026 2644 1120 2706 Anne
1145 2648 1255 2707 antem
1280 2648 1345 2706 422

167 2748 243 2812 Cleo
268 2766 339 2814 earn
364 2749 583 2831 recuperarit,
609 2747 915 2813 undeFritzschius
929 2744 1079 2830 (Qneest.
1097 2749 1201 2815 Arist.
1223 2768 1252 2829 p.
1270 2749 1346 2831 146)

167 2871 231 2916 non
267 2854 351 2918 male
386 2856 512 2937 colligit
548 2856 628 2921 hacc
662 2856 698 2921 iu
722 2854 873 2920 Cleonem
900 2854 990 2921 dicta
1014 2872 1095 2921 esse.
1145 2856 1248 2922 Cuius
1272 2865 1347 2938 pest

168 2958 304 3023 moriem
327 2960 425 3025 talem
451 2962 555 3027 ieenm
580 2962 735 3045 frigidum
762 2963 911 3029 futurum
934 2962 1040 3028 inisse
1069 2963 1345 3031 Wilamenitzius

168 3071 260 3131 recte
283 3065 416 3131 indicat.
455 3068 604 3150 Accedit,
630 3068 714 3149 quod
739 3077 807 3134 tum
834 3069 960 3134 demum
987 3069 1168 3135 similitudo
1186 3072 1345 3152 quaedam

167 3170 509 3259 verberuml'clnpcir
533 3182 566 3240 et
588 3171 772 3256 λαμβάνειν
796 3174 948 3258 efficitur,
975 3178 1003 3242 si
1028 3176 1174 3243 futurum
1189 3173 1346 3264 λήψομαι

167 3279 209 3346 ad
233 3279 316 3345 illud
340 3299 455 3347 nemen
480 3283 665 3364 apponitur.
712 3283 887 3349 Praedixit
909 3284 1013 3367 igitur
1038 3285 1177 3367 Eupolis
1195 3286 1344 3352 Cleonem

166 3388 201 3454 in
224 3388 398 3454 Thraciam
438 3389 618 3471 profectum
655 3409 718 3457 non
755 3390 942 3475 Galepsum,
979 3392 1036 3459 sed
1073 3393 1240 3474 pecuniam
1272 3412 1344 3475 cap-

169 3501 276 3562 turum
315 3515 395 3564 esse.
444 3495 538 3582 Quod
572 3500 760 3580 praedicere
795 3519 860 3566 uon
896 3508 1034 3587 poterat,
1072 3502 1136 3567 nisi
1172 3504 1345 3568 constabat

170 3599 317 3668 Cleonem
342 3604 420 3670 illuc
446 3606 677 3689 navigaturum
703 3626 786 3688 esse,
809 3608 896 3689 quod
913 3609 1055 3674 Lenaais
1081 3609 1158 3674 anni
1172 3613 1235 3675 423
1251 3628 1345 3676 neme

169 3705 253 3771 scire
278 3717 413 3788 peterat.
461 3713 630 3796 Dionysiis
663 3713 768 3795 igitur
803 3717 878 3782 anni
916 3722 981 3781 422
1015 3715 1158 3797 Eupolin
1182 3736 1277 3783 unam
1304 3738 1344 3784 ex

169 3811 292 3878 fabulis
315 3820 386 3883 suis
407 3819 443 3885 in
466 3839 597 3887 scenam
621 3822 823 3889 commisisse
848 3842 910 3888 nen
936 3823 1007 3889 sina
1031 3823 1140 3906 aliqua
1165 3827 1341 3906 probabili-

222 4009 255 4076 ³⁴)
272 4010 437 4079 Fleckeisen,
455 4014 529 4071 Neue
547 4016 641 4072 Jahrb.
661 4017 733 4071 1890
750 4033 777 4084 p.
796 4018 912 4084 bibano.
1017 4026 1019 4033 ’

274 4100 333 4153 Iam
352 4116 434 4169 snpra
452 4102 485 4157 de
503 4120 535 4159 ea
554 4122 582 4160 re
601 4113 691 4162 actum
711 4117 761 4162 eet.
780 4124 806 4176 p.
829 4108 869 4162 17.

221 4189 257 4257 ²⁵)
276 4190 506 4247 Commemoratur
550 4197 620 4251 enim
667 4198 774 4266 Demus,
821 4197 983 4266 Pyrilampis
1026 4198 1106 4265 filius,
1144 4215 1210 4268 puer
1233 4209 1343 4269 propter

273 4281 503 4350 pulchritudinem
532 4284 586 4340 illia
615 4289 780 4358 temporibus
799 4288 888 4343 clarus
908 4290 993 4356 (213).
1031 4289 1183 4343 Irridentnr
1201 4298 1342 4359 praeterea

273 4371 446 4439 Philoxenus,
465 4372 600 4443 Stilbidea,
619 4377 763 4444 Hierocles,
783 4379 960 4448 Hyperbolus.
