3184 4994
676 351 887 413 ..33-

186 564 268 612 0000
315 543 472 611 Videmus
507 542 650 625 Eupolis
683 545 744 609 hoe
780 542 938 625 temporis
973 543 1080 623 spatio
1118 551 1152 609 et
1187 543 1309 610 vicisse
1333 550 1366 611 et
1411 534 1415 538 ’

188 652 363 734 gloriatum
389 669 469 717 esse.
1270 734 1272 741 Α

295 760 366 825 Η20
390 777 443 824 000
471 757 743 823 Wilamowitzius
768 758 815 822 ita
839 757 1019 839 coniungit,
1046 765 1081 822 ut
1114 757 1255 843 Eupoliu
1289 757 1365 822 Dio·

188 867 291 949 oysiis
325 866 404 930 anni
439 870 503 930 422
529 865 642 930 fabula
667 864 806 944 quadam
832 864 962 946 vicisse,
989 864 1132 949 Lenaeis
1155 882 1185 930 a.
1209 870 1273 931 421
1300 864 1366 931 2112

187 973 298 1039 fabula
334 974 396 1038 hae
431 973 573 1037 victoria
607 971 783 1054 gloriatum
808 989 879 1036 esse
902 970 1033 1062 indicet.
1082 969 1174 1054 Qttae
1197 973 1365 1049 sententia

186 1099 245 1163 per
268 1099 305 1146 se
340 1079 428 1145 haud
455 1078 679 1160 improbanda
709 1077 981 1165 inscriptionibus
1011 1097 1094 1143 anno
1123 1084 1206 1143 1878
1232 1079 1265 1144 10
1292 1097 1366 1145 arce

184 1188 326 1270 repertis
361 1187 534 1253 refutatur.
593 1186 631 1251 10
667 1205 705 1252 00
741 1186 826 1251 enim
863 1185 976 1276 indico,
997 1186 1235 1271 (014112,
1252 1186 1365 1269 9710),

187 1314 250 1375 quo
274 1295 405 1360 nomina
430 1312 551 1375 eorum,
577 1293 630 1374 qui
656 1293 891 1359 certaminibus
915 1292 1037 1376 lyricis,
1062 1294 1203 1376 comicis,
1229 1293 1365 1376 tragicis

186 1403 348 1485 vicerunt,
384 1408 556 1483 poetarum
585 1412 618 1466 ot
642 1402 854 1483 ehoregmum
880 1400 920 1465 ad
945 1419 1102 1489 annorum
1127 1401 1271 1483 ordinem
1297 1401 1364 1471 dis-

187 1510 294 1597 posita
329 1509 591 1592 continebantur,
633 1514 767 1573 exstant
807 1509 889 1573 haec
930 1509 1046 1601 verba:
1099 1504 1157 1573 ἐπὶ
1207 1501 1362 1573 Ἀλκαίου

186 1612 349 1697 ἄρχοντος.
398 1616 475 1682 Cum
512 1616 656 1681 Alcaeus
689 1633 774 1680 anno
810 1612 911 1698 42241
947 1615 1084 1680 Athenis
1109 1616 1229 1681 archon
1253 1615 1363 1700 fuerit,

185 1743 234 1796 ea.
272 1742 354 1803 quae
391 1721 598 1805 antecedunt,
632 1721 1108 1805 241200040422000410004.
1155 1722 1208 1786 Ex
1232 1723 1363 1789 nomine

186 1838 293 1897 autem
319 1833 401 1913 eius,
438 1830 491 1911 qni
528 1836 702 1896 2000422
728 1829 895 1911 comoedia
920 1829 1010 1916 vicit,
1035 1830 1166 1899 litterae
1189 1829 1304 1899 duales
1329 1850 1364 1900 ος

185 1949 400 2004 conservatae
423 1944 509 2004 suut.
556 1938 675 2016 ltaque
692 1938 772 2001 haee
787 1936 960 2017 inscriptio
979 1936 1017 2001 ad
1033 1937 1195 2019 Dionysia
1212 1936 1365 2016 pertinet.

184 2046 265 2111 Nam
302 2044 446 2111 Lenaeis
481 2044 558 2109 anni
595 2048 659 2108 422
697 2042 885 2131 Philonides
909 2044 998 2108 vicit.
1044 2046 1141 2109 Anno
1163 2043 1269 2125 igitur
1298 2050 1363 2109 422

185 2154 322 2234 Eupolis
362 2153 533 2217 victoriam
575 2151 638 2217 sibi
680 2169 743 2215 000
783 2151 996 2237 0000202414.
1043 2153 1142 2245 Αο00
1179 2169 1257 2216 vero
1297 2157 1361 2223 421

184 2261 320 2343 Eupolis
345 2258 559 2326 Maricantem
584 2258 695 2323 docuit
719 2255 838 2342 (Schol.
863 2257 1165 2340 Νο0.522).14020
1190 2261 1363 2341 ohcausas

186 2368 324 2450 Eupolis
348 2368 382 2433 10
405 2367 588 2435 Maricante
613 2385 676 2431 non
701 2366 842 2431 victoria
867 2384 973 2448 nuper
991 2373 1103 2452 parta,
1126 2367 1186 2431 sed
1202 2368 1362 2451 omnibus,

183 2494 265 2558 quas
289 2493 392 2557 usqne
416 2475 457 2541 ad
482 2474 565 2540 illud
597 2480 725 2554 tempus
755 2474 843 2539 felici
867 2492 1022 2540 successu
1047 2474 1213 2556 docuerat,
1237 2457 1362 2543 fabulis

183 2584 346 2666 gloriatus
369 2602 450 2666 esse,
476 2582 659 2648 Marieaute
684 2586 792 2647 autern
818 2581 938 2647 vicisse
954 2581 1094 2648 videtur.
1136 2579 1207 2663 Qua
1226 2582 1362 2649 victoria

183 2690 304 2768 iterum
341 2692 383 2756 ad
417 2708 592 2772 puerorum
628 2707 755 2754 amores
789 2688 852 2761 sibi
884 2688 1103 2754 conciliandos
1128 2707 1201 2754 eum
1225 2691 1361 2785 abusum

162 2815 256 2862 *esse
281 2798 518 2879 Aristophanes
542 2797 632 2862 411014.

292 2903 361 2969 Iam
397 2911 534 2986 apparot
569 2905 611 2970 ad
644 2910 793 2986 tempora
828 2904 1067 2969 comoediarum
1102 2904 1359 2984 Eupolideeruut

185 3009 370 3107 definienda
404 3030 445 3076 ex
480 3019 598 3077 neutra
622 3012 773 3092 parabasi
798 3010 969 3091 quicquam
995 3010 1140 3076 concludi
1166 3030 1270 3094 posse,
1295 3011 1359 3079 nisi

183 3117 270 3183 forte
295 3118 405 3198 magni
430 3118 585 3185 momenti
608 3137 681 3184 0000
697 3119 837 3201 videtur,
863 3117 950 3197 quod
971 3117 1196 3200 intellegimus
1218 3119 1360 3201 Eupoliu

183 3226 271 3291 inter
295 3225 450 3306 Equitum
488 3232 521 3291 et
549 3227 731 3306 Vesperum
762 3225 1003 3291 commissiones
1027 3225 1171 3291 fabulam
1196 3227 1360 3307 quandam

184 3335 216 3399 10
241 3352 372 3400 scenam
397 3332 604 3416 commisisse,
629 3352 694 3414 002
718 3329 970 3414 Aristophanem
995 3352 1171 3417 aggressus
1195 3340 1254 3399 004.

290 3460 350 3525 Ex·
365 3460 446 3540 ipsis
469 3460 571 3540 igitur
594 3458 778 3524 fabularum
796 3457 990 3541 fragmentis
1007 3459 1264 3541 cognoscendum
1285 3462 1358 3538 erit,

184 3585 260 3631 num
284 3573 417 3647 praeter
451 3585 509 3632 eas
544 3565 684 3648 fabriles,
718 3584 854 3647 quarum
879 3565 1077 3632 didascalice
1100 3566 1194 3632 uobis
1217 3568 1359 3634 traditae

185 3682 272 3753 sunt,
297 3675 381 3740 aliae
405 3676 446 3740 ad
471 3683 609 3756 tempus
634 3674 720 3755 quod
742 3675 883 3739 interest
907 3675 995 3739 iuter
1018 3674 1150 3740 Lenaea
1183 3677 1258 3739 anui
1292 3681 1359 3743 424

185 3788 220 3845 04
243 3800 361 3846 annum
387 3790 462 3869 420,
495 3783 686 3850 relerendae
716 3783 789 3848 0104.
837 3786 947 3863 Atque
971 3783 1011 3847 ol.
1036 3789 1077 3847 88
1103 3791 1160 3847 aut
1183 3789 1225 3847 89
1251 3784 1359 3850 Urbes
1419 3834 1424 3841 -

185 3888 367 3969 Eupolidis.
393 3902 497 3956 actam
534 3909 607 3957 esse
653 3891 817 3956 Meinekio
858 3908 1066 3971 persuasum*
1088 3899 1153 3972 est,
1179 3890 1231 3956 cui
1259 3891 1358 3956 Wila·

185 3996 370 4062 mowitzins
395 3997 474 4062 adeo
509 4018 572 4064 000
608 3999 799 4080 assentitur,
837 4007 871 4062 04
906 4016 977 4063 eam
1001 3999 1197 4063 comoediam
1220 3999 1358 4079 lubricis

184 4105 384 4170 coniecturis
407 4105 450 4168 ad
472 4106 530 4170 ilia
555 4116 700 4187 tempora
725 4105 862 4171 relatam
888 4123 961 4171 0000
984 4106 1168 4170 contendat

293 4212 363 4277 Hac
387 4211 500 4277 fabula
523 4213 771 4279 Atheniensium
796 4214 831 4277 in
854 4213 960 4278 socios
980 4213 1118 4278 iniurias
1151 4215 1357 4294 vituperatas

184 4339 258 4387 0000
282 4321 355 4388 veri
386 4319 493 4386 slmile
516 4328 577 4385 est.
624 4321 709 4385 Aeta
733 4327 841 4387 autem
865 4326 918 4386 004
943 4329 1019 4385 2040
1043 4320 1114 4386 Chii
1139 4321 1353 4392 defectionem
