3184 4994
714 386 937 449 ..3-

268 602 271 608 ·
344 574 656 658 Antiquissimorum
679 584 860 665 poetarum,
883 599 956 648 cum
975 601 1096 665 paucas
1112 584 1270 667 reliquias
1295 606 1417 670 easque

237 680 384 749 incertas
418 684 611 769 habeamus,
647 684 834 755 tabularum
871 694 1020 772 tempora
1057 691 1187 758 deliniri
1223 712 1287 760 non
1323 713 1419 777 posse

235 794 385 873 apparet.
431 791 545 873 Neque
568 793 722 876 Cratetis,
747 794 803 876 qui
827 814 1021 878 quamquam
1045 804 1157 866 aetate
1191 800 1296 866 minor
1328 808 1415 886 erat,

235 904 345 965 tamen
368 904 446 965 aute
478 900 647 967 Cratinum
678 901 798 968 vicisse
827 903 969 987 videtur,
995 906 1094 973 ullius
1117 906 1251 974 fabulae
1284 914 1413 992 tempus

235 1005 361 1072 definiri
396 1012 512 1087 potest
558 992 662 1074 Aetas
696 1008 767 1076 eius
801 1030 822 1076 0
855 1012 962 1077 medio
996 1012 1110 1094 quinto
1145 1015 1275 1081 saeculo
1310 1033 1413 1098 usque

235 1114 277 1179 ad
314 1116 437 1196 primos
462 1114 550 1181 :belli
585 1115 854 1198 Peloponnesiaci
891 1138 994 1186 annos
1029 1120 1231 1201 pertinuisse
1267 1123 1408 1190 videtur.

234 1221 316 1287 Nam
342 1223 505 1290 Eusebius
543 1215 654 1308 α’κμὴν
691 1224 762 1291 eius
800 1225 893 1308 ponit
927 1226 961 1292 in
987 1228 1026 1294 ol.
1051 1234 1105 1306 02,
1128 1233 1150 1294 4
1174 1231 1284 1309 (4470
1307 1231 1411 1313 chr),

234 1334 383 1397 mortuus
406 1338 515 1398 autem
540 1337 591 1397 est
616 1340 693 1421 ante
718 1350 746 1397 0.
776 1335 843 1398 424
868 1333 1034 1415 (Meinelte
1056 1335 1084 1419 I,
1109 1336 1196 1404 Hist.
1233 1338 1306 1403 crit.
1342 1343 1407 1420 59);

235 1437 344 1503 Maior
367 1438 471 1520 igitur
494 1457 648 1506 numerus
672 1439 857 1507 fabularum
882 1426 953 1508 eius
976 1451 1054 1508 ante
1078 1444 1199 1510 bellum
1212 1445 1411 1528 Peloponne-

233 1546 358 1613 siacum
383 1546 527 1628 scriptus
552 1555 612 1614 est.

341 1655 473 1722 Primus
506 1661 581 1737 post
616 1656 835 1738 Xenophilum
872 1656 906 1723 ln
941 1657 1049 1724 indice
1071 1665 1187 1725 nostro
1211 1667 1262 1727 est
1302 1662 1413 1728 Telec-

234 1765 340 1848 lides,
388 1781 482 1845 quem
534 1762 708 1845 quinquies
755 1783 819 1829 uno
853 1766 1029 1846 eodemque
1076 1764 1163 1833 festo
1194 1768 1311 1835 vicisse
1347 1788 1412 1834 non

235 1873 306 1938 sine
330 1871 545 1938 admiratione
569 1871 718 1952 legimus.
743 1870 837 1953 Apud
862 1858 957 1938 anon.
981 1873 1068 1939 enim
1083 1872 1242 1961 XXXIV,
1262 1854 1413 1960 (Dilbnar

233 2001 261 2063 p.
275 1980 395 2060 XVII.)
421 1979 475 2046 ubi
500 1979 626 2046 numeri
654 1977 841 2044 fabularum
874 1997 894 2043 0
917 1981 1059 2061 singulis
1082 1981 1189 2063 poetis
1213 1982 1409 2064 scriptarum

232 2088 421 2171 traduntur,
445 2085 602 2154 Teleolidi
626 2104 685 2153 sex
707 2086 840 2152 fabulae
856 2087 1099 2170 adscribuntur,
1123 2087 1310 2170 magmenta
1330 2108 1407 2157 vero

233 2196 377 2279 quinque
413 2193 598 2261 fabularum
635 2201 775 2261 servata>
802 2199 889 2260 sunt.
936 2198 982 2260 At
1022 2194 1216 2262 incredibile
1251 2204 1300 2263 est
1326 2215 1410 2284 eum,

231 2306 287 2386 qui
324 2303 497 2386 quinquies
532 2309 590 2368 aut
625 2303 759 2384 Magnis
792 2300 965 2383 Dionysiis
988 2312 1048 2367 aut
1070 2303 1210 2369 Lenaeis
1234 2303 1326 2389 vicit,
1352 2323 1411 2372 sex

232 2412 457 2479 tantummodo
496 2409 628 2476 fabulas
662 2399 842 2491 scripsisse.
890 2407 1000 2492 Quare
1034 2428 1105 2475 cum
1139 2411 1411 2494 inscriptionibus

232 2520 339 2603 magis
363 2518 558 2586 credendum
582 2517 638 2598 sit,
662 2535 758 2599 quam
782 2515 1070 2599 grammaticorum
1094 2518 1291 2585 testimoniis
1323 2521 1410 2586 lraud

223 2645 410 2711 ,paucarum
446 2626 632 2693 fabularum
669 2624 742 2691 eius
776 2624 963 2690 memoriani
1000 2643 1134 2706 prorsus
1157 2626 1313 2693 abolitam
1337 2647 1409 2695 esse

233 2735 446 2802 statuendum
469 2733 545 2801 erit.

345 2843 396 2909 lia
426 2861 520 2924 0010,
553 2858 637 2922 quae
671 2839 845 2907 Udalricus
881 2839 922 2906 de
946 2840 1414 2909 Wilamowitz-Moallendorff

233 2952 386 3038 (Observ.
411 2950 483 3017 crit.
508 2949 543 3015 in
566 2967 644 3015 com.
670 2949 786 3015 Graec.
810 2947 952 3013 selectae
976 2947 1080 3014 Berol.
1108 2951 1206 3027 1870)
1235 2948 1276 3016 de
1300 2956 1410 3017 aetate

232 3061 303 3126 eius
326 3058 460 3141 scripsit
483 3056 529 3143 (p.
555 3060 620 3139 26),
656 3057 716 3122 hac
750 3055 964 3137 inscriptione
997 3054 1193 3122 refutantur.
1252 3057 1287 3123 Is
1312 3057 1407 3140 enim,

233 3185 442 3250 quascunque
477 3164 658 3232 'Pcleclides
690 3162 825 3245 scripsit
849 3160 1001 3244 fabulas,
1026 3163 1114 3229 inter
1138 3182 1166 3228 a.
1190 3168 1256 3228 430
1285 3171 1407 3230 01420

232 3282 324 3342 00100
358 3290 430 3341 esse
463 3271 599 3340 censuit.
647 3271 719 3336 Hac
754 3288 832 3336 vero
867 3269 1081 3352 inscriptione
1115 3289 1186 3336 enm
1218 3271 1282 3337 iam
1319 3272 1407 3337 circa

232 3401 352 3450 annum
377 3376 622 3448 4400101001οε
646 3385 830 3444 assecutum
848 3378 1165 3457 esseoognoscimos.
1197 3378 1260 3444 Sed
1278 3378 1407 3444 deliniri

232 3510 296 3556 non
333 3494 450 3572 potest,
490 3505 565 3553 num
601 3504 642 3550 ex
673 3485 716 3551 iis
760 3484 891 3570 fabulis,
916 3502 1052 3565 quarum
1087 3482 1275 3567 fragmenta
1313 3487 1407 3552 nobis

232 3597 358 3665 tradita
392 3603 479 3682 suut,
516 3593 692 3660 uorrnullae
726 3597 805 3658 ante
840 3592 972 3657 initium
1002 3592 1081 3658 belli
1109 3597 1203 3658 actae
1234 3593 1310 3659 sint.
1357 3595 1407 3660 De

232 3712 377 3788 tempore
415 3702 529 3770 mortis
563 3701 634 3767 eius
669 3700 749 3766 nihil
786 3699 953 3782 audimus3
988 3700 1058 3766 veri
1088 3704 1197 3765 autem
1222 3700 1330 3767 simile
1354 3706 1407 3767 est

233 3834 307 3881 eum
331 3820 405 3896 post
428 3829 547 3877 annum
570 3814 636 3875 420
660 3807 790 3874 fabulas
814 3826 877 3872 uon
902 3806 1083 3889 scripsisse.
1136 3860 1145 3875 .

341 3938 497 4020 Sequitur
519 3935 753 4020 Aristomenes,
779 3934 834 4015 qui
847 3934 929 4000 duas
945 3934 1106 4000 victorias
1118 3933 1182 3999 sibi
1197 3936 1405 4016 comparavit.

233 4046 458 4113 Aristomenes
482 4050 592 4110 etitem
617 4063 644 4108 0.
668 4046 830 4108 caecum
859 4040 1083 4121 Aristophane
1107 4041 1250 4107 certavit
1284 4042 1405 4122 Ligna·

232 4155 359 4222 toribns
383 4147 595 4237 (diaeticum),
613 4170 641 4215 a.
655 4155 719 4215 389
744 4149 890 4215 Admeto.
916 4147 1025 4230 Quare
1039 4147 1206 4229 Berglrius
1231 4166 1302 4214 cum
1329 4150 1406 4215 huie

232 4269 349 4346 politae
371 4267 436 4326 tam
471 4262 599 4343 longam
633 4258 734 4325 vitam
771 4255 930 4337 obtigisse
955 4275 1019 4321 non
1043 4260 1147 4341 putet,
1173 4254 1405 4322 (100οΑ11010-

232 4390 340 4441 menes
363 4370 466 4436 fuisse
489 4366 618 4451 statuit,
643 4384 726 4447 quae
750 4364 939 4431 coniectura
962 4365 1025 4429 etsi
1049 4361 1138 4429 haud
1168 4363 1312 4428 absurda
1342 4370 1403 4449 est,
