3184 4994
665 402 886 489 ..19-

91 590 92 593 η
193 614 307 681 Verba
331 608 387 672 καὶ
410 601 504 687 παρὰ
515 597 677 668 Σιτάλκου
690 604 752 664 414.
776 596 920 679 pendent
944 612 984 658 ex
1006 590 1108 658 verbo
1124 584 1233 674 ἤγαγε,
1257 585 1370 664 114444

195 719 321 787 scabies
356 736 375 780 a
411 710 533 781 Sitalco
556 705 827 776 Lacedaemoniis
864 703 966 768 411414
1001 718 1072 776 4444
1101 697 1234 766 videtur
1269 711 1372 774 oeque

194 834 283 894 recte
306 819 453 889 Kockius
478 821 522 904 (4.
559 822 622 883 243
660 813 781 891 1463)
818 808 985 877 contendit
1021 812 1152 889 poetam
1187 806 1372 885 optarent

337 950 362 997 r.

198 933 392 1104 afforaiilaec
417 1036 518 1103 verba
543 1032 584 1096 ad
609 1048 663 1095 res
686 1026 771 1093 bello
796 1022 1034 1106 Peloponnesio
1059 1026 1172 1103 gestas
1195 1017 1371 1100 pertinent,

195 1147 339 1213 Sitalces
363 1156 484 1225 autem,
509 1138 712 1219 Odrysarum
735 1151 804 1214 ren,
830 1139 867 1196 ut
890 1121 1100 1212 Thucydides
1112 1124 1171 1209 (11,
1187 1125 1244 1204 29)
1258 1124 1372 1205 tradit,

196 1272 282 1319 4444
317 1271 347 1316 a.
382 1249 449 1314 chr.
486 1246 561 1310 431’
588 1245 645 1324 (vl.
671 1248 724 1324 37,
748 1241 783 1324 2)
809 1257 867 1320 per
891 1233 1157 1319 Nymphodorum
1182 1231 1373 1297 Abderitam

198 1372 269 1426 cum
295 1353 555 1422 Atheniensibus
579 1349 695 1416 foedus
719 1347 809 1431 fecit,
834 1346 918 1411 idem
944 1343 983 1408 41.
997 1342 1086 1425 3141
1111 1338 1374 1405 14444141414444

112 1492 115 1496 ·
199 1465 275 1530 anni
299 1468 365 1528 424
390 1457 692 1527 4411414144144144
716 1466 774 1521 est.
800 1451 1061 1533 Phormophoros
1085 1448 1186 1529 igitur
1209 1465 1271 1512 noo
1297 1453 1375 1510 4414

199 1573 240 1639 ol.
266 1578 319 1655 07,
345 1577 363 1635 2
390 1568 570 1654 (1301444
597 1576 671 1647 post
695 1564 742 1629 41.
765 1568 818 1646 88,
843 1567 871 1627 4.
887 1561 978 1639 (424)
1002 1564 1109 1623 actam
1133 1573 1205 1621 4444
1229 1556 1375 1636 apparet.

200 1679 337 1761 Quando
360 1695 438 1744 vcro
462 1676 522 1740 1114
547 1672 674 1740 scabies
698 1690 718 1735 a
742 1669 866 1736 Sitalce
890 1663 1161 1749 Lacedaemoniis
1190 1664 1290 1728 illata
1309 1660 1373 1744 sit,

199 1788 304 1852 statui
328 1786 391 1850 iam
416 1782 539 1863 nequit.
585 1782 698 1860 Neque
723 1797 774 1863 ca,
799 1794 884 1858 quae
909 1774 949 1840 de
973 1772 1143 1854 Perdicca,
1162 1770 1375 1836 Macedonum

200 1911 288 1976 rege,
313 1890 500 1975 traduntur,
526 1888 567 1953 ad
604 1895 734 1967 tempus
757 1885 891 1950 fabulae
915 1880 1135 1971 definiendum
1159 1878 1273 1961 magni
1298 1881 1376 1942 4441

199 1997 363 2064 momenti.
403 1995 528 2080 Quovis
552 1994 638 2060 euim
664 1999 810 2073 tempore
834 1990 894 2056 1114
909 1989 1171 2055 Atheniensibus
1207 1984 1377 2050 mendacia

198 2107 352 2172 mittebat
376 2104 491 2187 (Thac.
516 2101 542 2185 Ι,
557 2107 700 2176 50-62,
725 2099 770 2181 H,
796 2103 848 2179 80,
876 2102 951 2161 35-
968 2101 1042 2185 101,
1070 2095 1125 2180 tv,
1152 2096 1218 2173 78).

271 2194 273 2197 ’
305 2211 412 2291 Magis
436 2229 485 2295 44,
511 2227 596 2290 4444
618 2208 658 2273 de
675 2204 867 2289 Corcyraeis
884 2203 1038 2269 dicuntur
1054 2201 1214 2267 44414444
1230 2208 1376 2281 possunt.

201 2317 375 2400 Corcyraei
415 2316 501 2382 enim
540 2334 625 2381 anno
664 2319 730 2378 433
768 2312 883 2385 foedus
923 2330 995 2376 cum
1044 2309 1304 2389 Atheniensibus
1342 2309 1378 2373 io

201 2412 387 2491 Corinthios
410 2425 568 2506 fecerunt,
594 2441 658 2504 quo
680 2421 715 2487 in
739 2421 870 2486 foedere
894 2419 936 2484 ad
960 2436 1080 2483 anuum
1105 2416 1178 2482 fere
1208 2422 1272 2482 427
1307 2434 1377 2497 444-

199 2541 400 2599 manserunt.
448 2533 520 2596 Hoc
543 2529 613 2596 1444
637 2537 782 2609 tempore
806 2526 967 2594 Corinthii
992 2544 1056 2608 eos,
1082 2543 1163 2607 quos
1188 2524 1228 2589 ad
1253 2524 1393 2606 Sybota

73 2727 76 2733 1
198 2645 368 2725 ceperunt,
404 2638 569 2704 remisisse
609 2638 771 2722 videntur.
818 2635 882 2718 Qui
917 2653 990 2699 cum
1025 2632 1188 2700 Corinthii
1223 2632 1271 2697 eis
1308 2649 1377 2712 per-

199 2749 407 2830 suasissent,
449 2756 487 2811 41
527 2744 639 2827 populi
679 2742 901 2809 dominatione
946 2742 1054 2807 114414
1100 2741 1215 2807 foedus
1266 2757 1377 2805 secum

203 2853 362 2937 14444441,
388 2854 501 2919 statim
525 2852 717 2918 seditionem
744 2852 975 2916 excitaverunt
999 2850 1112 2928 (Thuc.
1136 2849 1199 2921 ΙΙΙ,
1225 2848 1376 2932 60444).

169 2958 173 2963 ’
202 2960 283 3025 Nam
324 2979 516 3041 4444444444
555 2959 764 3041 Thucydides
805 2956 880 3043 (ΠΙ,
907 2961 962 3029 701
998 2956 1077 3021 nihil
1114 2957 1196 3023 dicit
1230 2957 1294 3022 nisi
1336 2953 1377 3021 01

203 3070 403 3151 Κερκυραῖοι
445 3062 640 3143 ἐστασίαζον,
679 3061 795 3149 ἐπειδὴ
821 3061 853 3126 oi
877 3060 1079 3144 αἰχμάλωτοι
1114 3043 1220 3147 ἦλθον
1256 3056 1375 3140 αὐτοῖς,

201 3184 311 3240 tamen
336 3174 398 3238 hae
422 3173 603 3239 seditiones
627 3174 698 3238 4144
722 3172 820 3238 dubio
843 3171 905 3237 iam
932 3181 1030 3236 antea
1054 3191 1074 3236 4
1097 3172 1258 3254 scriptore
1291 3193 1375 3238 com·

201 3286 399 3348 memoratae
433 3287 555 3365 essent,
593 3281 621 3346 si
657 3286 734 3347 ante
772 3298 892 3345 annum
932 3284 997 3344 421
1038 3279 1170 3346 initium
1203 3280 1377 3363 cepissent.

201 3392 311 3470 Atque
336 3408 394 3471 per
418 3389 499 3455 duos
523 3407 626 3454 anuos
651 3388 994 3470 maximac'Corc-yrae
1018 3389 1136 3454 turbae
1160 3395 1265 3471 erant,
1294 3407 1377 3468 4444
1504 3396 1506 3401 ’

201 3515 286 3562 4444
310 3498 436 3563 demum
461 3503 526 3563 425
557 3498 599 3562 40
623 3496 884 3563 Atheniensibus
909 3497 943 3561 in
968 3495 1115 3562 Siciliam
1139 3496 1377 3577 navigantibus

203 3600 316 3683 initae
354 3612 441 3672 sunt.
495 3606 545 3670 Ex
580 3624 644 3686 quo
680 3611 824 3686 tempore
859 3603 1034 3685 Corcyraei
1070 3622 1133 3669 noo
1174 3604 1375 3671 defecerunt.

203 3708 320 3788 Itaque
353 3696 448 3778 aunis
472 3718 537 3779 426
563 3723 597 3778 41
621 3713 911 3795 42511444414444
944 3712 1143 3793 Corcyraeos
1167 3712 1242 3790 δίχα
1263 3708 1378 3792 dupio

204 3805 424 3892 1444414444
450 3826 590 3907 poterat,
616 3838 723 3900 44444
747 3825 836 3885 44414
862 3819 1136 3885 Wiiamawitzius
1170 3826 1204 3885 et
1227 3820 1377 3885 Kochius

203 3921 347 3987 fabulam
371 3934 543 3993 4444425
569 3929 623 3993 441
649 3932 713 3992 424
739 3932 844 3992 actam
869 3944 942 3991 esse
966 3932 1162 3992 statuerunt.

303 4050 426 4115 Earum
463 4054 715 4132 comoediarum,
764 4070 846 4133 4444
882 4052 1123 4133 Aristophanes
1148 4059 1226 4118 ante
1255 4073 1376 4120 annum

202 4161 268 4221 420
292 4157 325 4221 14
350 4176 480 4224 scenam
504 4162 674 4246 commisit,
699 4168 846 4241 tempora
870 4160 964 4225 nobis
988 4178 1138 4242 magnam
1156 4167 1282 4241 partem
1298 4170 1377 4226 nota

203 4281 275 4330 esse
299 4283 398 4345 supra
422 4266 574 4333 vidimus.
621 4268 669 4333 De
703 4268 768 4334 fide
804 4267 887 4332 enim
924 4265 1181 4349 fragmentorum
1205 4268 1376 4335 didascali.

202 4390 311 4439 corum
336 4375 368 4438 iu
395 4375 583 4442 universum
608 4374 754 4441 dubitari
779 4395 843 4440 uon
860 4382 981 4460 potest,
1006 4394 1082 4439 uam
1100 4375 1149 4440 eis
1165 4381 1276 4465 rebus,
1291 4397 1375 4460 4444
