3184 4994
642 359 862 421 ..15..

108 565 111 574 ·
162 551 254 636 Quod
278 551 554 619 Wilamowitaius
591 572 661 619 eam
697 572 759 619 nec
793 571 879 618 anno
907 553 971 617 427
998 571 1059 618 nec
1082 571 1167 618 anno
1191 558 1255 619 425
1282 554 1337 620 ad·
1382 602 1385 612 ,

161 659 305 745 scripsit,
331 667 507 743 propterea
537 661 628 742 iecit,
661 679 702 727 ue
725 662 831 727 altero
854 678 895 725 ex
918 660 986 726 illis
1011 659 1107 726 annis
1132 662 1226 746 duae,
1251 680 1337 726 anno

161 769 227 831 426
262 767 356 832 nulla
391 767 563 848 Eupolidis
598 765 712 833 fabula
748 774 822 832 acta
857 766 1034 833 videretur.
1082 769 1197 849 Neque
1229 774 1338 833 tamen

163 872 244 939 haec
266 874 352 939 ratio
374 875 458 939 satie
481 879 573 940 certa
597 881 657 940 eat.
693 875 818 956 Caprae
842 875 944 956 igitur
968 874 1000 939 in
1018 892 1148 939 scenam
1165 875 1338 940 commissa

162 987 214 1045 est
237 999 264 1045 a.
289 985 477 1049 eno-424.
525 981 636 1063 Ipsum
661 982 793 1047 fabulae
816 1001 936 1047 annum
961 981 1110 1048 invenire
1134 1000 1197 1046 non
1222 1000 1336 1063 possu-

163 1107 235 1154 mus
258 1106 365 1169 neque
389 1088 483 1155 iuvat
505 1089 644 1156 incertis
668 1090 867 1179 coniecturis
890 1090 1084 1172 indulgere„
1150 1080 1153 1087 ’

271 1199 359 1261 Ante
382 1196 500 1262 Pacem
525 1197 641 1263 Niciae
665 1198 764 1263 otiam
789 1216 828 1262 ea
851 1196 963 1262 fabula
981 1205 1056 1262 aota
1070 1196 1210 1282 videtur,
1225 1197 1277 1263 cui
1292 1198 1339 1262 in·

164 1303 323 1383 scriptum
337 1309 404 1370 est:
417 1299 639 1387 Ἄστρατεοτοι
652 1295 671 1390 ἢ
683 1298 898 1388 Ἄνδρογίναι,
913 1322 1106 1385 quamquam
1120 1303 1202 1369 nihil
1216 1304 1339 1371 certius

164 1411 205 1476 de
217 1411 287 1476 eius
301 1418 449 1493 tempore
462 1411 602 1493 proferri
615 1418 733 1494 potest.
758 1413 1037 1479 Oovnmemoratur
1049 1417 1158 1477 autem
1169 1411 1338 1495 Pisander‚

164 1536 257 1598 quem
283 1538 302 1582 a
339 1519 425 1584 bollo
460 1520 596 1587 ineunte
620 1521 662 1585 ad
690 1538 809 1585 annum
834 1525 899 1585 412
926 1540 944 1583 a
968 1507 1208 1585 comoediarum
1232 1520 1340 1601 poetis

164 1627 248 1692 male
272 1627 421 1692 habitum
445 1646 519 1694 esse
544 1610 682 1693 constat.
715 1628 791 1711 Ipso
815 1647 894 1697 vcro
918 1627 1018 1693 titulo
1042 1628 1177 1693 fabulae
1198 1627 1339 1693 indicari

163 1733 295 1800 videtur
319 1753 389 1801 oum
413 1734 455 1799 ad
477 1741 620 1801 aetatem
646 1736 722 1801 belli
748 1735 969 1801 Archidamici
1003 1735 1112 1816 potius
1142 1735 1340 1816 pertinuisse

166 1860 262 1921 quam
300 1843 344 1907 ad
382 1849 531 1925 tempora
569 1843 785 1925 insequentia,
826 1844 943 1924 quibus
981 1862 1041 1908 neo
1080 1863 1144 1925 pax
1184 1848 1257 1908 evat
1281 1860 1341 1908 neo

164 1949 286 2015 bellum
311 1953 499 2032 gerebatur.
538 1952 754 2018 Accuratiora
778 1951 1053 2018 Wilamowitzius
1084 1950 1147 2015 sibi
1172 1950 1342 2016 invenisse

167 2056 304 2122 videtur.
344 2058 442 2138 Apud
459 2059 665 2125 Athenaeum
688 2060 774 2124 enim
801 2065 830 2144 9,
858 2064 949 2124 3970
973 2058 1007 2123 hi
1031 2077 1150 2124 versus
1172 2058 1341 2139 leguntur:

166 2159 313 2235 Εὔπολις
335 2159 402 2226 δ’ἐν
425 2159 660 2249 Ἀστρατεύτοις
682 2167 762 2253 φησι
784 2167 863 2249 περὶ
887 2157 989 2228 αὐτοῦ
1013 2162 1066 2249 (de
1078 2166 1220 2247 pavone)
1233 2155 1341 2235 οὕτως.

235 2328 237 2334 .
271 2267 403 2356 μήποτε
428 2275 550 2359 θρέψοι

167 2373 260 2462 παρὰ
283 2374 479 2466 Περσεφόνῃ
502 2377 629 2444 τοιόνδε
652 2365 753 2466 ταῶν,

166 2480 201 2557 ὃς
222 2479 299 2558 τοὺς
322 2479 476 2559 εὕδοντας
499 2488 625 2573 ἐγείρει.

272 2595 400 2660 Deinde
436 2597 627 2663 Athenaeus
663 2617 705 2663 ex
747 2598 962 2681 Antiphontis
1009 2599 1146 2679 quadam
1195 2597 1343 2663 oratione

167 2703 271 2768 locum
297 2688 401 2784 affert,
437 2722 500 2784 quo
535 2706 673 2771 Demunr
708 2706 909 2787 Pyrilampis
942 2706 1045 2771 filium
1070 2723 1214 2786 pavones
1237 2704 1343 2769 nutri-

169 2810 257 2876 visse
292 2810 476 2892 multosque
509 2813 551 2878 ad
585 2814 781 2895 spectandos
816 2814 874 2878 hos
910 2832 990 2879 aves
1027 2813 1176 2878 Athenas
1211 2813 1343 2878 venisse

169 2923 292 2983 narrat.
331 2919 383 2984 De
425 2920 629 3001 Pyrilampis
664 2921 848 3001 pavonibus
887 2921 984 2987 etiam
1024 2921 1224 2986 Plutarchus
1264 2920 1345 2985 haec

169 3026 286 3092 tradit:
313 3027 445 3110 (Pericl.
474 3030 527 3105 13)
1233 3096 1236 3100 .

171 3130 218 3204 εἴς
240 3155 276 3196 τε
289 3127 347 3206 τας
359 3132 603 3220 Πυριλάμπους
626 3131 894 3221 ὀρνιθοτροφίας,
920 3128 955 3207 ὅς
973 3135 1100 3218 ἑταῖρος
1116 3126 1161 3197 ὧν
1184 3133 1344 3219 Περικλέ-

171 3263 227 3312 οος
251 3238 361 3305 αἰτίαν
384 3234 451 3322 εἶχε
474 3229 601 3315 ταῶνας
624 3239 758 3327 ὑφιέναι
781 3251 852 3325 ταῖς
876 3245 1030 3323 γυναιξίν,
1061 3229 1111 3314 αἷς
1143 3237 1160 3304 ὁ
1185 3241 1346 3326 Περικλῆς

172 3345 372 3436 ἐπλησίαζεν.
482 3384 484 3389 s
546 3329 549 3342 ¹

276 3479 329 3543 Ex
352 3479 403 3543 his
427 3478 507 3544 locis
532 3474 803 3545 Wilamovvitzius
826 3479 989 3544 concludit
1006 3477 1225 3560 Pyrilampem
1247 3495 1344 3547 unum

171 3587 314 3652 Athenis
347 3606 492 3668 pavones
521 3578 653 3653 aluisse.
701 3587 911 3668 thuoniam
936 3605 987 3653 ex,
1002 3584 1171 3650 Plutarchi
1197 3586 1281 3650 libro
1306 3583 1346 3648 de

171 3695 267 3778 genio
291 3695 437 3761 Socratis
461 3693 514 3780 (ll
542 3696 592 3762 ed.
616 3697 730 3774 Didot)
746 3695 963 3778 Pyrilampem
988 3692 1022 3758 in
1036 3692 1199 3776 pugnaad
1214 3692 1345 3757 Delium

172 3805 381 3869 vulneratum
401 3808 536 3883 atquca
555 3804 722 3869 Thebanis
743 3812 874 3884 captum
893 3820 965 3867 esse
978 3802 1110 3875 scimus,
1123 3817 1195 3865 eum
1213 3799 1346 3865 vulnere

171 3917 307 3993 accepto
322 3913 424 3977 verba
437 3911 656 3992 exhiupolidis
669 3911 860 3977 imbellibus
875 3910 998 3975 tradita
1011 3907 1227 3997 pronuntiare
1239 3913 1345 3987 putat.

172 4021 268 4084 Hanc
292 4018 437 4084 fabulam
462 4038 540 4103 ergo
565 4029 639 4100 post
663 4039 692 4086 a.
719 4025 785 4084 424
809 4024 917 4084 aotam
941 4036 1022 4083 esse.
1048 4019 1092 4082 At
1117 4015 1248 4081 etiamsi
1273 4033 1345 4078 con·

172 4129 301 4194 ceditur
324 4129 405 4194 haec
429 4147 501 4194 osse
525 4127 723 4211 Pyrilampis
747 4129 858 4209 verba,
884 4132 993 4191 tamen
1016 4144 1055 4190 ea
1078 4126 1119 4188 ab
1151 4121 1346 4203 hominein

172 4237 295 4302 bellom
327 4237 456 4302 exituro
487 4255 583 4317 quarn
612 4255 631 4300 a
663 4237 839 4300 vulnerato
881 4233 1020 4314 proferri
1063 4229 1264 4312 probabilius
1288 4232 1347 4293 est.
1425 4310 1429 4323 „

173 4345 255 4410 Nam
280 4340 507 4430 Ἀστροίτεντοι
534 4344 669 4411 fabulae
700 4343 893 4425 inscriptum
924 4351 983 4408 est.
1033 4341 1217 4406 Pronomen
1249 4355 1347 4419 porro
