<?xml version="1.0" encoding="UTF-8"?>
<!DOCTYPE html PUBLIC "-//W3C//DTD XHTML 1.0 Transitional//EN"
    "http://www.w3.org/TR/xhtml1/DTD/xhtml1-transitional.dtd">
<html xmlns="http://www.w3.org/1999/xhtml" xml:lang="en" lang="en">
 <head>
  <title>
</title>
<meta http-equiv="Content-Type" content="text/html;charset=utf-8" />
  <meta name='ocr-system' content='tesseract 3.04.00' />
  <meta name='ocr-capabilities' content='ocr_page ocr_carea ocr_par ocr_line ocrx_word'/>
</head>
<body>
  <div class='ocr_page' id='page_1' title='image "./decomoediarumgr00zellgoog_0030.png"; bbox 0 0 3184 4994; ppageno 0'>
   <div class='ocr_carea' id='block_1_1' title="bbox 650 430 871 493">
    <p class='ocr_par' dir='ltr' id='par_1_1' title="bbox 650 430 871 493">
     <span class='ocr_line' id='line_1_1' title="bbox 650 430 871 493; baseline -0.005 -19"><span class='ocrx_word' id='word_1_1' title='bbox 650 430 871 493; x_wconf 71' lang='lat'>...25-</span> 
     </span>
    </p>
   </div>
   <div class='ocr_carea' id='block_1_2' title="bbox 165 622 1426 4587">
    <p class='ocr_par' dir='ltr' id='par_1_2' title="bbox 167 622 1345 1461">
     <span class='ocr_line' id='line_1_2' title="bbox 167 622 1344 711; baseline -0.002 -23"><span class='ocrx_word' id='word_1_2' title='bbox 167 625 433 711; x_wconf 78' lang='grc' dir='ltr'><strong><em>σψενδαμνίνοος</em></strong></span> <span class='ocrx_word' id='word_1_3' title='bbox 455 624 588 691; x_wconf 86' lang='lat' dir='ltr'>rabulas</span> <span class='ocrx_word' id='word_1_4' title='bbox 611 622 665 707; x_wconf 85' lang='lat' dir='ltr'>(cf</span> <span class='ocrx_word' id='word_1_5' title='bbox 697 628 772 704; x_wconf 84' lang='lat'>113)</span> <span class='ocrx_word' id='word_1_6' title='bbox 797 631 830 690; x_wconf 86' lang='lat' dir='ltr'>et</span> <span class='ocrx_word' id='word_1_7' title='bbox 854 625 1076 705; x_wconf 77' lang='lat' dir='ltr'>sycophantas</span> <span class='ocrx_word' id='word_1_8' title='bbox 1100 628 1232 687; x_wconf 84' lang='lat' dir='ltr'>coactos</span> <span class='ocrx_word' id='word_1_9' title='bbox 1259 640 1344 699; x_wconf 89' lang='lat' dir='ltr'>esse,</span> 
     </span>
     <span class='ocr_line' id='line_1_3' title="bbox 172 730 1344 815; baseline -0.004 -17"><span class='ocrx_word' id='word_1_10' title='bbox 172 741 207 798; x_wconf 90' lang='lat' dir='ltr'>ut</span> <span class='ocrx_word' id='word_1_11' title='bbox 232 752 272 798; x_wconf 90' lang='lat' dir='ltr'>ue</span> <span class='ocrx_word' id='word_1_12' title='bbox 309 734 380 815; x_wconf 89' lang='lat' dir='ltr'>paci</span> <span class='ocrx_word' id='word_1_13' title='bbox 416 733 619 798; x_wconf 75' lang='lat' dir='ltr'>resisterunt.</span> <span class='ocrx_word' id='word_1_14' title='bbox 667 733 780 797; x_wconf 88' lang='lat' dir='ltr'>Prima</span> <span class='ocrx_word' id='word_1_15' title='bbox 814 731 918 813; x_wconf 74' lang='lat' dir='ltr'>igitur·</span> <span class='ocrx_word' id='word_1_16' title='bbox 941 730 1126 796; x_wconf 88' lang='lat' dir='ltr'>comoediae</span> <span class='ocrx_word' id='word_1_17' title='bbox 1151 739 1245 810; x_wconf 86' lang='lat' dir='ltr'>parte</span> <span class='ocrx_word' id='word_1_18' title='bbox 1270 730 1344 794; x_wconf 90' lang='lat' dir='ltr'>Ari·</span> 
     </span>
     <span class='ocr_line' id='line_1_4' title="bbox 171 836 1345 922; baseline -0.005 -17"><span class='ocrx_word' id='word_1_19' title='bbox 171 840 348 922; x_wconf 89' lang='lat' dir='ltr'>stophanes</span> <span class='ocrx_word' id='word_1_20' title='bbox 372 859 484 906; x_wconf 90' lang='lat' dir='ltr'>omnes</span> <span class='ocrx_word' id='word_1_21' title='bbox 519 840 795 920; x_wconf 78' lang='lat' dir='ltr'><strong>sycophantarum</strong></span> <span class='ocrx_word' id='word_1_22' title='bbox 829 840 918 903; x_wconf 88' lang='lat' dir='ltr'>artes</span> <span class='ocrx_word' id='word_1_23' title='bbox 942 837 990 901; x_wconf 89' lang='lat' dir='ltr'>ita</span> <span class='ocrx_word' id='word_1_24' title='bbox 1014 837 1178 902; x_wconf 86' lang='lat' dir='ltr'>detexisse</span> <span class='ocrx_word' id='word_1_25' title='bbox 1202 836 1345 919; x_wconf 84' lang='lat' dir='ltr'>videtur,</span> 
     </span>
     <span class='ocr_line' id='line_1_5' title="bbox 172 935 1345 1030; baseline -0.007 -17"><span class='ocrx_word' id='word_1_26' title='bbox 172 955 209 1013; x_wconf 93' lang='lat' dir='ltr'>ut</span> <span class='ocrx_word' id='word_1_27' title='bbox 253 953 369 1030; x_wconf 88' lang='lat' dir='ltr'>postca</span> <span class='ocrx_word' id='word_1_28' title='bbox 409 946 545 1030; x_wconf 82' lang='lat' dir='ltr'>gloriari</span> <span class='ocrx_word' id='word_1_29' title='bbox 581 951 694 1027; x_wconf 91' lang='lat' dir='ltr'>posset</span> <span class='ocrx_word' id='word_1_30' title='bbox 729 965 763 1010; x_wconf 91' lang='lat' dir='ltr'>se</span> <span class='ocrx_word' id='word_1_31' title='bbox 799 944 867 1010; x_wconf 91' lang='lat' dir='ltr'>illis</span> <span class='ocrx_word' id='word_1_32' title='bbox 903 935 1081 1029; x_wconf 70' lang='grc' dir='ltr'><strong><em>“,,ήπια’λοις</em></strong></span> <span class='ocrx_word' id='word_1_33' title='bbox 1104 939 1345 1028; x_wconf 56' lang='grc' dir='ltr'><strong><em>ἐπιχειρῆσαίῆ</em></strong></span> 
     </span>
     <span class='ocr_line' id='line_1_6' title="bbox 170 1051 1344 1138; baseline -0.003 -18"><span class='ocrx_word' id='word_1_34' title='bbox 170 1054 262 1138; x_wconf 77' lang='lat' dir='ltr'>Quod</span> <span class='ocrx_word' id='word_1_35' title='bbox 288 1064 397 1121; x_wconf 85' lang='lat' dir='ltr'>autem</span> <span class='ocrx_word' id='word_1_36' title='bbox 421 1052 566 1120; x_wconf 84' lang='lat' dir='ltr'>fabulam</span> <span class='ocrx_word' id='word_1_37' title='bbox 592 1053 626 1118; x_wconf 91' lang='lat' dir='ltr'>in</span> <span class='ocrx_word' id='word_1_38' title='bbox 649 1055 870 1135; x_wconf 80' lang='lat' dir='ltr'><strong>sycophantas</strong></span> <span class='ocrx_word' id='word_1_39' title='bbox 886 1053 1042 1133; x_wconf 80' lang='lat' dir='ltr'><strong>scriptam</strong></span> <span class='ocrx_word' id='word_1_40' title='bbox 1061 1051 1158 1117; x_wconf 91' lang='lat' dir='ltr'>simul</span> <span class='ocrx_word' id='word_1_41' title='bbox 1172 1051 1213 1116; x_wconf 92' lang='lat' dir='ltr'>ad</span> <span class='ocrx_word' id='word_1_42' title='bbox 1230 1069 1344 1133; x_wconf 80' lang='lat' dir='ltr'>pacem</span> 
     </span>
     <span class='ocr_line' id='line_1_7' title="bbox 168 1157 1345 1244; baseline -0.004 -17"><span class='ocrx_word' id='word_1_43' title='bbox 168 1162 368 1227; x_wconf 81' lang='lat' dir='ltr'>suadendam</span> <span class='ocrx_word' id='word_1_44' title='bbox 405 1161 549 1244; x_wconf 81' lang='lat' dir='ltr'>adhibet,</span> <span class='ocrx_word' id='word_1_45' title='bbox 587 1180 628 1239; x_wconf 79' lang='lat' dir='ltr'>ex</span> <span class='ocrx_word' id='word_1_46' title='bbox 663 1161 734 1226; x_wconf 89' lang='lat' dir='ltr'>eius</span> <span class='ocrx_word' id='word_1_47' title='bbox 769 1162 863 1241; x_wconf 83' lang='lat' dir='ltr'>pacis</span> <span class='ocrx_word' id='word_1_48' title='bbox 898 1179 1009 1226; x_wconf 90' lang='lat' dir='ltr'>amore</span> <span class='ocrx_word' id='word_1_49' title='bbox 1041 1161 1162 1241; x_wconf 91' lang='lat' dir='ltr'>optime</span> <span class='ocrx_word' id='word_1_50' title='bbox 1186 1157 1345 1238; x_wconf 86' lang='lat' dir='ltr'>explicari</span> 
     </span>
     <span class='ocr_line' id='line_1_8' title="bbox 169 1264 1345 1351; baseline -0.003 -18"><span class='ocrx_word' id='word_1_51' title='bbox 169 1276 285 1350; x_wconf 89' lang='lat' dir='ltr'>potest.</span> <span class='ocrx_word' id='word_1_52' title='bbox 323 1269 432 1351; x_wconf 78' lang='lat' dir='ltr'>Quare</span> <span class='ocrx_word' id='word_1_53' title='bbox 450 1264 527 1334; x_wconf 73' lang='lat' dir='ltr'>hum</span> <span class='ocrx_word' id='word_1_54' title='bbox 542 1269 725 1335; x_wconf 86' lang='lat' dir='ltr'>Zielinskio</span> <span class='ocrx_word' id='word_1_55' title='bbox 738 1269 816 1351; x_wconf 76' lang='lat' dir='ltr'>(Die</span> <span class='ocrx_word' id='word_1_56' title='bbox 833 1268 1040 1350; x_wconf 84' lang='lat' dir='ltr'>Gliederung</span> <span class='ocrx_word' id='word_1_57' title='bbox 1053 1268 1110 1333; x_wconf 86' lang='lat' dir='ltr'>der</span> <span class='ocrx_word' id='word_1_58' title='bbox 1133 1266 1345 1332; x_wconf 87' lang='lat' dir='ltr'>altattischeu</span> 
     </span>
     <span class='ocr_line' id='line_1_9' title="bbox 168 1374 1267 1461; baseline -0.004 -20"><span class='ocrx_word' id='word_1_59' title='bbox 168 1377 348 1442; x_wconf 87' lang='lat' dir='ltr'>Komoedie</span> <span class='ocrx_word' id='word_1_60' title='bbox 373 1396 402 1457; x_wconf 93' lang='lat' dir='ltr'>p.</span> <span class='ocrx_word' id='word_1_61' title='bbox 433 1381 492 1440; x_wconf 90' lang='grc'>106</span> <span class='ocrx_word' id='word_1_62' title='bbox 518 1374 607 1461; x_wconf 83' lang='lat' dir='ltr'>adn.)</span> <span class='ocrx_word' id='word_1_63' title='bbox 633 1377 719 1442; x_wconf 87' lang='lat' dir='ltr'>hanc</span> <span class='ocrx_word' id='word_1_64' title='bbox 741 1376 888 1442; x_wconf 85' lang='lat' dir='ltr'>fabulam</span> <span class='ocrx_word' id='word_1_65' title='bbox 912 1394 996 1440; x_wconf 89' lang='lat' dir='ltr'>anuo</span> <span class='ocrx_word' id='word_1_66' title='bbox 1021 1380 1086 1443; x_wconf 87' lang='grc'>423</span> <span class='ocrx_word' id='word_1_67' title='bbox 1111 1374 1267 1440; x_wconf 88' lang='lat' dir='ltr'>attribuo.</span> 
     </span>
    </p>

    <p class='ocr_par' dir='ltr' id='par_1_3' title="bbox 165 1482 1426 3605">
     <span class='ocr_line' id='line_1_10' title="bbox 276 1482 1344 1567; baseline -0.003 -18"><span class='ocrx_word' id='word_1_68' title='bbox 276 1483 340 1549; x_wconf 84' lang='lat' dir='ltr'>Sed</span> <span class='ocrx_word' id='word_1_69' title='bbox 365 1501 560 1565; x_wconf 86' lang='lat' dir='ltr'>quamquam</span> <span class='ocrx_word' id='word_1_70' title='bbox 579 1484 742 1550; x_wconf 87' lang='lat' dir='ltr'>Holcades</span> <span class='ocrx_word' id='word_1_71' title='bbox 765 1502 805 1549; x_wconf 85' lang='lat' dir='ltr'>ex</span> <span class='ocrx_word' id='word_1_72' title='bbox 821 1502 907 1548; x_wconf 90' lang='lat' dir='ltr'>auno</span> <span class='ocrx_word' id='word_1_73' title='bbox 924 1489 989 1549; x_wconf 84' lang='grc'>423</span> <span class='ocrx_word' id='word_1_74' title='bbox 1006 1482 1215 1567; x_wconf 85' lang='lat' dir='ltr'>removimus,</span> <span class='ocrx_word' id='word_1_75' title='bbox 1233 1489 1344 1547; x_wconf 90' lang='lat' dir='ltr'>tamen</span> 
     </span>
     <span class='ocr_line' id='line_1_11' title="bbox 169 1590 1344 1672; baseline -0.002 -17"><span class='ocrx_word' id='word_1_76' title='bbox 169 1610 233 1655; x_wconf 91' lang='lat' dir='ltr'>non</span> <span class='ocrx_word' id='word_1_77' title='bbox 258 1590 388 1656; x_wconf 88' lang='lat' dir='ltr'>omnino</span> <span class='ocrx_word' id='word_1_78' title='bbox 410 1591 494 1656; x_wconf 89' lang='lat' dir='ltr'>nihil</span> <span class='ocrx_word' id='word_1_79' title='bbox 524 1592 565 1657; x_wconf 92' lang='lat' dir='ltr'>de</span> <span class='ocrx_word' id='word_1_80' title='bbox 598 1598 745 1672; x_wconf 86' lang='lat' dir='ltr'>temporo</span> <span class='ocrx_word' id='word_1_81' title='bbox 769 1592 867 1656; x_wconf 78' lang='lat' dir='ltr'>liuius</span> <span class='ocrx_word' id='word_1_82' title='bbox 891 1590 1024 1656; x_wconf 85' lang='lat' dir='ltr'>tabulae</span> <span class='ocrx_word' id='word_1_83' title='bbox 1047 1590 1124 1655; x_wconf 87' lang='lat' dir='ltr'>sciri</span> <span class='ocrx_word' id='word_1_84' title='bbox 1150 1608 1246 1670; x_wconf 89' lang='lat' dir='ltr'>posse</span> <span class='ocrx_word' id='word_1_85' title='bbox 1271 1607 1344 1654; x_wconf 88' lang='lat' dir='ltr'>cen-</span> 
     </span>
     <span class='ocr_line' id='line_1_12' title="bbox 167 1697 1344 1780; baseline -0.002 -16"><span class='ocrx_word' id='word_1_86' title='bbox 167 1717 284 1765; x_wconf 82' lang='lat' dir='ltr'>semus.</span> <span class='ocrx_word' id='word_1_87' title='bbox 340 1698 377 1764; x_wconf 88' lang='lat' dir='ltr'>In</span> <span class='ocrx_word' id='word_1_88' title='bbox 415 1698 518 1780; x_wconf 84' lang='lat' dir='ltr'>primo</span> <span class='ocrx_word' id='word_1_89' title='bbox 553 1699 638 1765; x_wconf 87' lang='lat' dir='ltr'>enim</span> <span class='ocrx_word' id='word_1_90' title='bbox 678 1699 773 1764; x_wconf 80' lang='lat' dir='ltr'>Pacis</span> <span class='ocrx_word' id='word_1_91' title='bbox 808 1704 1002 1780; x_wconf 84' lang='lat' dir='ltr'>argumento</span> <span class='ocrx_word' id='word_1_92' title='bbox 1038 1699 1118 1764; x_wconf 90' lang='lat' dir='ltr'>haec</span> <span class='ocrx_word' id='word_1_93' title='bbox 1154 1697 1344 1764; x_wconf 80' lang='lat' dir='ltr'>traduntur:</span> 
     </span>
     <span class='ocr_line' id='line_1_13' title="bbox 170 1798 1345 1893; baseline -0.002 -24"><span class='ocrx_word' id='word_1_94' title='bbox 170 1798 219 1869; x_wconf 77' lang='grc' dir='ltr'>Οὔ</span> <span class='ocrx_word' id='word_1_95' title='bbox 241 1810 339 1871; x_wconf 79' lang='grc' dir='ltr'><strong><em>τοῦτο</em></strong></span> <span class='ocrx_word' id='word_1_96' title='bbox 373 1806 408 1871; x_wconf 82' lang='grc' dir='ltr'>δὲ</span> <span class='ocrx_word' id='word_1_97' title='bbox 446 1803 552 1887; x_wconf 85' lang='grc' dir='ltr'><strong><em>μόνον</em></strong></span> <span class='ocrx_word' id='word_1_98' title='bbox 592 1800 678 1891; x_wconf 76' lang='grc' dir='ltr'><strong><em>ὑπὲρ</em></strong></span> <span class='ocrx_word' id='word_1_99' title='bbox 718 1803 846 1893; x_wconf 79' lang='grc' dir='ltr'><strong><em>εἰρήνης</em></strong></span> <span class='ocrx_word' id='word_1_100' title='bbox 885 1799 1120 1891; x_wconf 64' lang='grc' dir='ltr'><strong><em>Ἀριστοφάνης</em></strong></span> <span class='ocrx_word' id='word_1_101' title='bbox 1157 1799 1194 1868; x_wconf 89' lang='grc' dir='ltr'>τδ</span> <span class='ocrx_word' id='word_1_102' title='bbox 1234 1806 1345 1888; x_wconf 82' lang='grc' dir='ltr'><strong><em>δρᾶμα</em></strong></span> 
     </span>
     <span class='ocr_line' id='line_1_14' title="bbox 166 1906 1346 1999; baseline 0 -24"><span class='ocrx_word' id='word_1_103' title='bbox 166 1917 317 1998; x_wconf 77' lang='grc' dir='ltr'><strong><em>καθῆκεν</em></strong></span> <span class='ocrx_word' id='word_1_104' title='bbox 342 1913 447 1999; x_wconf 88' lang='lat' dir='ltr'>(codd.</span> <span class='ocrx_word' id='word_1_105' title='bbox 471 1914 649 1999; x_wconf 87' lang='grc' dir='ltr'><strong><em>τέθεικεν),</em></strong></span> <span class='ocrx_word' id='word_1_106' title='bbox 682 1908 766 1978; x_wconf 80' lang='grc' dir='ltr'><strong><em>α’λλοὶ</em></strong></span> <span class='ocrx_word' id='word_1_107' title='bbox 798 1915 854 1977; x_wconf 85' lang='grc' dir='ltr'>καὶ</span> <span class='ocrx_word' id='word_1_108' title='bbox 888 1908 963 1985; x_wconf 82' lang='grc' dir='ltr'>τούς</span> <span class='ocrx_word' id='word_1_109' title='bbox 995 1908 1163 1997; x_wconf 80' lang='grc' dir='ltr'><strong><em>Ἀχαρνεῖς</em></strong></span> <span class='ocrx_word' id='word_1_110' title='bbox 1191 1913 1249 1976; x_wconf 85' lang='grc' dir='ltr'>καὶ</span> <span class='ocrx_word' id='word_1_111' title='bbox 1270 1906 1346 1984; x_wconf 82' lang='grc' dir='ltr'>τούς</span> 
     </span>
     <span class='ocr_line' id='line_1_15' title="bbox 165 2012 1343 2100; baseline -0.001 -17"><span class='ocrx_word' id='word_1_112' title='bbox 165 2014 304 2093; x_wconf 78' lang='grc' dir='ltr'><em>Ἱππέας</em></span> <span class='ocrx_word' id='word_1_113' title='bbox 329 2023 385 2085; x_wconf 83' lang='grc' dir='ltr'>καί</span> <span class='ocrx_word' id='word_1_114' title='bbox 407 2017 566 2093; x_wconf 86' lang='grc' dir='ltr'><strong><em>Ὁλκοίδας</em></strong></span> <span class='ocrx_word' id='word_1_115' title='bbox 589 2022 644 2085; x_wconf 83' lang='grc' dir='ltr'>καί</span> <span class='ocrx_word' id='word_1_116' title='bbox 667 2025 840 2100; x_wconf 82' lang='grc' dir='ltr'><strong><em>πανταχοῦ</em></strong></span> <span class='ocrx_word' id='word_1_117' title='bbox 863 2024 960 2084; x_wconf 79' lang='grc' dir='ltr'><strong><em>τοῦτο</em></strong></span> <span class='ocrx_word' id='word_1_118' title='bbox 984 2016 1203 2096; x_wconf 76' lang='grc' dir='ltr'><strong><em>ἐσπούδακεν,</em></strong></span> <span class='ocrx_word' id='word_1_119' title='bbox 1227 2012 1285 2082; x_wconf 87' lang='grc' dir='ltr'>τὸν</span> <span class='ocrx_word' id='word_1_120' title='bbox 1308 2018 1343 2082; x_wconf 80' lang='grc' dir='ltr'>δὲ</span> 
     </span>
     <span class='ocr_line' id='line_1_16' title="bbox 167 2122 1344 2215; baseline -0.002 -25"><span class='ocrx_word' id='word_1_121' title='bbox 167 2128 305 2192; x_wconf 85' lang='grc' dir='ltr'><strong><em>Κλέωνα</em></strong></span> <span class='ocrx_word' id='word_1_122' title='bbox 329 2130 493 2215; x_wconf 74' lang='grc' dir='ltr'><strong><em>κωμῳδῶν</em></strong></span> <span class='ocrx_word' id='word_1_123' title='bbox 523 2124 583 2192; x_wconf 87' lang='grc' dir='ltr'>τὸν</span> <span class='ocrx_word' id='word_1_124' title='bbox 613 2124 826 2208; x_wconf 70' lang='grc' dir='ltr'><strong><em>ἀντιλέγοντα</em></strong></span> <span class='ocrx_word' id='word_1_125' title='bbox 850 2129 907 2191; x_wconf 81' lang='grc' dir='ltr'>καί</span> <span class='ocrx_word' id='word_1_126' title='bbox 929 2124 1096 2209; x_wconf 84' lang='grc' dir='ltr'><strong><em>Λοὶμαχον</em></strong></span> <span class='ocrx_word' id='word_1_127' title='bbox 1119 2125 1177 2191; x_wconf 84' lang='grc' dir='ltr'>τὸν</span> <span class='ocrx_word' id='word_1_128' title='bbox 1201 2122 1344 2210; x_wconf 85' lang='grc' dir='ltr'><strong><em>φιλοπό-</em></strong></span> 
     </span>
     <span class='ocr_line' id='line_1_17' title="bbox 169 2231 1345 2317; baseline 0.001 -20"><span class='ocrx_word' id='word_1_129' title='bbox 169 2234 271 2314; x_wconf 89' lang='grc' dir='ltr'><strong><em>λεμον</em></strong></span> <span class='ocrx_word' id='word_1_130' title='bbox 294 2231 348 2299; x_wconf 73' lang='grc' dir='ltr'><strong><em>ἀεὶ</em></strong></span> <span class='ocrx_word' id='word_1_131' title='bbox 372 2233 569 2317; x_wconf 76' lang='grc' dir='ltr'><strong><em>διαβάλλων.</em></strong></span> <span class='ocrx_word' id='word_1_132' title='bbox 594 2239 673 2302; x_wconf 84' lang='lat' dir='ltr'>Cum</span> <span class='ocrx_word' id='word_1_133' title='bbox 699 2244 808 2304; x_wconf 90' lang='lat' dir='ltr'>autem</span> <span class='ocrx_word' id='word_1_134' title='bbox 834 2237 1064 2301; x_wconf 89' lang='lat' dir='ltr'>Acharuenses</span> <span class='ocrx_word' id='word_1_135' title='bbox 1089 2242 1124 2300; x_wconf 84' lang='lat' dir='ltr'>et</span> <span class='ocrx_word' id='word_1_136' title='bbox 1147 2235 1285 2315; x_wconf 78' lang='lat' dir='ltr'>Equites</span> <span class='ocrx_word' id='word_1_137' title='bbox 1310 2240 1345 2298; x_wconf 89' lang='lat' dir='ltr'>et</span> 
     </span>
     <span class='ocr_line' id='line_1_18' title="bbox 167 2342 1341 2426; baseline 0 -19"><span class='ocrx_word' id='word_1_138' title='bbox 167 2343 236 2407; x_wconf 83' lang='lat' dir='ltr'>Pax</span> <span class='ocrx_word' id='word_1_139' title='bbox 271 2350 349 2409; x_wconf 87' lang='lat' dir='ltr'>ante</span> <span class='ocrx_word' id='word_1_140' title='bbox 385 2363 498 2426; x_wconf 88' lang='lat' dir='ltr'>pacem</span> <span class='ocrx_word' id='word_1_141' title='bbox 535 2345 648 2410; x_wconf 87' lang='lat' dir='ltr'>Niciae</span> <span class='ocrx_word' id='word_1_142' title='bbox 684 2363 781 2425; x_wconf 88' lang='lat' dir='ltr'>quam</span> <span class='ocrx_word' id='word_1_143' title='bbox 816 2344 929 2409; x_wconf 87' lang='lat' dir='ltr'>dicunt</span> <span class='ocrx_word' id='word_1_144' title='bbox 964 2352 1059 2409; x_wconf 85' lang='lat' dir='ltr'>actae</span> <span class='ocrx_word' id='word_1_145' title='bbox 1093 2342 1170 2417; x_wconf 82' lang='lat' dir='ltr'>sint,</span> <span class='ocrx_word' id='word_1_146' title='bbox 1207 2360 1341 2407; x_wconf 90' lang='lat' dir='ltr'>cousen-</span> 
     </span>
     <span class='ocr_line' id='line_1_19' title="bbox 166 2447 1342 2533; baseline -0.001 -18"><span class='ocrx_word' id='word_1_147' title='bbox 166 2456 300 2516; x_wconf 88' lang='lat' dir='ltr'>taneum</span> <span class='ocrx_word' id='word_1_148' title='bbox 324 2458 376 2517; x_wconf 90' lang='lat' dir='ltr'>est</span> <span class='ocrx_word' id='word_1_149' title='bbox 400 2452 499 2517; x_wconf 87' lang='lat' dir='ltr'>etiam</span> <span class='ocrx_word' id='word_1_150' title='bbox 510 2451 690 2518; x_wconf 79' lang='lat' dir='ltr'>Onerariae</span> <span class='ocrx_word' id='word_1_151' title='bbox 715 2452 755 2518; x_wconf 88' lang='lat' dir='ltr'>ad</span> <span class='ocrx_word' id='word_1_152' title='bbox 780 2453 866 2518; x_wconf 89' lang='lat' dir='ltr'>idem</span> <span class='ocrx_word' id='word_1_153' title='bbox 890 2447 1019 2533; x_wconf 87' lang='lat' dir='ltr'>tempus</span> <span class='ocrx_word' id='word_1_154' title='bbox 1043 2450 1224 2533; x_wconf 87' lang='lat' dir='ltr'>pertinere,</span> <span class='ocrx_word' id='word_1_155' title='bbox 1250 2468 1342 2529; x_wconf 86' lang='lat' dir='ltr'>prae·</span> 
     </span>
     <span class='ocr_line' id='line_1_20' title="bbox 167 2558 1342 2644; baseline 0 -22"><span class='ocrx_word' id='word_1_156' title='bbox 167 2558 283 2623; x_wconf 88' lang='lat' dir='ltr'>sertim</span> <span class='ocrx_word' id='word_1_157' title='bbox 319 2577 393 2624; x_wconf 90' lang='lat' dir='ltr'>cum</span> <span class='ocrx_word' id='word_1_158' title='bbox 428 2559 627 2644; x_wconf 84' lang='lat' dir='ltr'>Lysistrata,</span> <span class='ocrx_word' id='word_1_159' title='bbox 665 2561 778 2626; x_wconf 79' lang='lat' dir='ltr'>tabula</span> <span class='ocrx_word' id='word_1_160' title='bbox 812 2567 888 2642; x_wconf 92' lang='lat' dir='ltr'>post</span> <span class='ocrx_word' id='word_1_161' title='bbox 923 2580 952 2625; x_wconf 88' lang='lat' dir='ltr'>a.</span> <span class='ocrx_word' id='word_1_162' title='bbox 978 2565 1044 2625; x_wconf 88' lang='lat'>413</span> <span class='ocrx_word' id='word_1_163' title='bbox 1069 2558 1110 2624; x_wconf 91' lang='lat' dir='ltr'>ad</span> <span class='ocrx_word' id='word_1_164' title='bbox 1134 2577 1246 2639; x_wconf 86' lang='lat' dir='ltr'>pacem</span> <span class='ocrx_word' id='word_1_165' title='bbox 1269 2575 1342 2622; x_wconf 89' lang='lat' dir='ltr'>sua·</span> 
     </span>
     <span class='ocr_line' id='line_1_21' title="bbox 169 2653 1426 2749; baseline 0.002 -20"><span class='ocrx_word' id='word_1_166' title='bbox 169 2665 305 2730; x_wconf 90' lang='lat' dir='ltr'>deudam</span> <span class='ocrx_word' id='word_1_167' title='bbox 331 2666 464 2749; x_wconf 87' lang='lat' dir='ltr'>scripta,</span> <span class='ocrx_word' id='word_1_168' title='bbox 500 2653 564 2733; x_wconf 88' lang='lat' dir='ltr'>nou</span> <span class='ocrx_word' id='word_1_169' title='bbox 605 2667 769 2733; x_wconf 83' lang='lat' dir='ltr'>afferatur.</span> <span class='ocrx_word' id='word_1_170' title='bbox 817 2668 944 2733; x_wconf 86' lang='lat' dir='ltr'>Fabula</span> <span class='ocrx_word' id='word_1_171' title='bbox 966 2667 1072 2749; x_wconf 81' lang='lat' dir='ltr'>igitur</span> <span class='ocrx_word' id='word_1_172' title='bbox 1101 2666 1209 2731; x_wconf 87' lang='lat' dir='ltr'>doceri</span> <span class='ocrx_word' id='word_1_173' title='bbox 1234 2665 1343 2746; x_wconf 91' lang='lat' dir='ltr'>potnit</span> <span class='ocrx_word' id='word_1_174' title='bbox 1422 2723 1426 2732; x_wconf 92' lang='lat'>.</span> 
     </span>
     <span class='ocr_line' id='line_1_22' title="bbox 169 2772 1341 2856; baseline 0.001 -20"><span class='ocrx_word' id='word_1_175' title='bbox 169 2773 310 2840; x_wconf 88' lang='lat' dir='ltr'>Lenaeis</span> <span class='ocrx_word' id='word_1_176' title='bbox 334 2795 362 2839; x_wconf 90' lang='lat' dir='ltr'>a.</span> <span class='ocrx_word' id='word_1_177' title='bbox 386 2780 451 2840; x_wconf 88' lang='grc'>426</span> <span class='ocrx_word' id='word_1_178' title='bbox 478 2778 564 2854; x_wconf 89' lang='lat' dir='ltr'>(uam</span> <span class='ocrx_word' id='word_1_179' title='bbox 590 2782 753 2841; x_wconf 80' lang='grc' dir='ltr'>αοοο427</span> <span class='ocrx_word' id='word_1_180' title='bbox 768 2775 1023 2856; x_wconf 85' lang='lat' dir='ltr'>Aristophanem</span> <span class='ocrx_word' id='word_1_181' title='bbox 1048 2773 1130 2839; x_wconf 89' lang='lat' dir='ltr'>duas</span> <span class='ocrx_word' id='word_1_182' title='bbox 1154 2773 1284 2838; x_wconf 85' lang='lat' dir='ltr'>fabulas</span> <span class='ocrx_word' id='word_1_183' title='bbox 1307 2772 1341 2837; x_wconf 91' lang='lat' dir='ltr'>in</span> 
     </span>
     <span class='ocr_line' id='line_1_23' title="bbox 169 2881 1342 2963; baseline 0 -20"><span class='ocrx_word' id='word_1_184' title='bbox 169 2897 300 2945; x_wconf 87' lang='lat' dir='ltr'>scenam</span> <span class='ocrx_word' id='word_1_185' title='bbox 325 2882 526 2949; x_wconf 90' lang='lat' dir='ltr'>commisisse</span> <span class='ocrx_word' id='word_1_186' title='bbox 550 2883 637 2949; x_wconf 90' lang='lat' dir='ltr'>haud</span> <span class='ocrx_word' id='word_1_187' title='bbox 661 2884 843 2950; x_wconf 84' lang='lat' dir='ltr'>verisimile</span> <span class='ocrx_word' id='word_1_188' title='bbox 873 2885 938 2963; x_wconf 85' lang='lat' dir='ltr'>est)</span> <span class='ocrx_word' id='word_1_189' title='bbox 962 2890 1021 2947; x_wconf 90' lang='lat' dir='ltr'>aut</span> <span class='ocrx_word' id='word_1_190' title='bbox 1047 2881 1081 2946; x_wconf 91' lang='lat' dir='ltr'>in</span> <span class='ocrx_word' id='word_1_191' title='bbox 1105 2883 1187 2947; x_wconf 86' lang='lat' dir='ltr'>urbe</span> <span class='ocrx_word' id='word_1_192' title='bbox 1211 2900 1240 2945; x_wconf 87' lang='lat' dir='ltr'>a.</span> <span class='ocrx_word' id='word_1_193' title='bbox 1265 2885 1342 2956; x_wconf 84' lang='grc'><strong>425,</strong></span> 
     </span>
     <span class='ocr_line' id='line_1_24' title="bbox 169 2989 1340 3070; baseline 0.003 -20"><span class='ocrx_word' id='word_1_194' title='bbox 169 2991 245 3070; x_wconf 86' lang='grc'><strong>424,</strong></span> <span class='ocrx_word' id='word_1_195' title='bbox 260 2993 324 3054; x_wconf 89' lang='grc'>422</span> <span class='ocrx_word' id='word_1_196' title='bbox 339 2990 683 3057; x_wconf 65' lang='grc' dir='ltr'>οο11ιοοαε18ο421.</span> <span class='ocrx_word' id='word_1_197' title='bbox 725 2994 834 3070; x_wconf 89' lang='lat' dir='ltr'>Atque</span> <span class='ocrx_word' id='word_1_198' title='bbox 858 3009 929 3055; x_wconf 89' lang='lat' dir='ltr'>cum</span> <span class='ocrx_word' id='word_1_199' title='bbox 956 2991 997 3054; x_wconf 94' lang='lat' dir='ltr'>ab</span> <span class='ocrx_word' id='word_1_200' title='bbox 1021 3008 1050 3054; x_wconf 90' lang='lat' dir='ltr'>a.</span> <span class='ocrx_word' id='word_1_201' title='bbox 1075 2993 1140 3053; x_wconf 77' lang='grc'>423</span> <span class='ocrx_word' id='word_1_202' title='bbox 1166 2989 1208 3054; x_wconf 90' lang='lat' dir='ltr'>ad</span> <span class='ocrx_word' id='word_1_203' title='bbox 1231 3008 1259 3052; x_wconf 88' lang='lat' dir='ltr'>a.</span> <span class='ocrx_word' id='word_1_204' title='bbox 1275 2994 1340 3053; x_wconf 90' lang='grc'>421</span> 
     </span>
     <span class='ocr_line' id='line_1_25' title="bbox 167 3095 1341 3181; baseline 0.003 -22"><span class='ocrx_word' id='word_1_205' title='bbox 167 3095 419 3177; x_wconf 84' lang='lat' dir='ltr'>Aristophanem</span> <span class='ocrx_word' id='word_1_206' title='bbox 445 3099 510 3162; x_wconf 86' lang='lat' dir='ltr'>iam</span> <span class='ocrx_word' id='word_1_207' title='bbox 534 3098 617 3164; x_wconf 87' lang='lat' dir='ltr'>satis</span> <span class='ocrx_word' id='word_1_208' title='bbox 633 3118 785 3181; x_wconf 83' lang='lat' dir='ltr'>magnum</span> <span class='ocrx_word' id='word_1_209' title='bbox 802 3116 973 3165; x_wconf 89' lang='lat' dir='ltr'>numerum</span> <span class='ocrx_word' id='word_1_210' title='bbox 988 3095 1175 3162; x_wconf 80' lang='lat' dir='ltr'>fabularum</span> <span class='ocrx_word' id='word_1_211' title='bbox 1194 3096 1341 3162; x_wconf 87' lang='lat' dir='ltr'>docuisse</span> 
     </span>
     <span class='ocr_line' id='line_1_26' title="bbox 166 3203 1341 3286; baseline 0.002 -19"><span class='ocrx_word' id='word_1_212' title='bbox 166 3209 307 3286; x_wconf 82' lang='lat' dir='ltr'>constet,</span> <span class='ocrx_word' id='word_1_213' title='bbox 331 3203 554 3270; x_wconf 85' lang='lat' dir='ltr'>fabulaauta.</span> <span class='ocrx_word' id='word_1_214' title='bbox 568 3211 631 3270; x_wconf 70' lang='grc'>426</span> <span class='ocrx_word' id='word_1_215' title='bbox 653 3215 711 3272; x_wconf 92' lang='lat' dir='ltr'>aut</span> <span class='ocrx_word' id='word_1_216' title='bbox 727 3207 791 3271; x_wconf 82' lang='lat'>425</span> <span class='ocrx_word' id='word_1_217' title='bbox 810 3214 868 3272; x_wconf 74' lang='lat' dir='ltr'>aaut</span> <span class='ocrx_word' id='word_1_218' title='bbox 891 3210 953 3270; x_wconf 82' lang='grc'>421</span> <span class='ocrx_word' id='word_1_219' title='bbox 982 3210 1056 3269; x_wconf 88' lang='lat' dir='ltr'>acta</span> <span class='ocrx_word' id='word_1_220' title='bbox 1080 3204 1221 3270; x_wconf 84' lang='lat' dir='ltr'>videtur.</span> <span class='ocrx_word' id='word_1_221' title='bbox 1268 3203 1341 3269; x_wconf 89' lang='lat' dir='ltr'>Zie-</span> 
     </span>
     <span class='ocr_line' id='line_1_27' title="bbox 167 3311 1340 3397; baseline 0.001 -22"><span class='ocrx_word' id='word_1_222' title='bbox 167 3311 310 3377; x_wconf 88' lang='lat' dir='ltr'>linskius</span> <span class='ocrx_word' id='word_1_223' title='bbox 346 3311 383 3397; x_wconf 87' lang='lat' dir='ltr'>(l.</span> <span class='ocrx_word' id='word_1_224' title='bbox 411 3312 445 3393; x_wconf 90' lang='lat' dir='ltr'>l.)</span> <span class='ocrx_word' id='word_1_225' title='bbox 473 3313 651 3380; x_wconf 86' lang='lat' dir='ltr'>Onerarias</span> <span class='ocrx_word' id='word_1_226' title='bbox 676 3333 761 3379; x_wconf 90' lang='lat' dir='ltr'>auno</span> <span class='ocrx_word' id='word_1_227' title='bbox 785 3321 849 3379; x_wconf 80' lang='grc'>425</span> <span class='ocrx_word' id='word_1_228' title='bbox 876 3312 1039 3394; x_wconf 87' lang='lat' dir='ltr'>attribuit,</span> <span class='ocrx_word' id='word_1_229' title='bbox 1064 3312 1150 3393; x_wconf 91' lang='lat' dir='ltr'>quod</span> <span class='ocrx_word' id='word_1_230' title='bbox 1173 3329 1259 3376; x_wconf 75' lang='lat' dir='ltr'>aurio</span> <span class='ocrx_word' id='word_1_231' title='bbox 1274 3316 1340 3376; x_wconf 88' lang='grc'>424</span> 
     </span>
     <span class='ocr_line' id='line_1_28' title="bbox 165 3418 1340 3503; baseline 0 -20"><span class='ocrx_word' id='word_1_232' title='bbox 165 3418 524 3500; x_wconf 77' lang='lat' dir='ltr'>Thesmophoriazusas</span> <span class='ocrx_word' id='word_1_233' title='bbox 548 3419 671 3501; x_wconf 87' lang='lat' dir='ltr'>primas</span> <span class='ocrx_word' id='word_1_234' title='bbox 694 3427 786 3487; x_wconf 90' lang='lat' dir='ltr'>actas</span> <span class='ocrx_word' id='word_1_235' title='bbox 811 3438 883 3486; x_wconf 90' lang='lat' dir='ltr'>esse</span> <span class='ocrx_word' id='word_1_236' title='bbox 915 3428 1019 3503; x_wconf 89' lang='lat' dir='ltr'>putat,</span> <span class='ocrx_word' id='word_1_237' title='bbox 1056 3437 1140 3500; x_wconf 87' lang='lat' dir='ltr'>quae</span> <span class='ocrx_word' id='word_1_238' title='bbox 1175 3419 1340 3485; x_wconf 87' lang='lat' dir='ltr'>sententia</span> 
     </span>
     <span class='ocr_line' id='line_1_29' title="bbox 168 3526 516 3605; baseline 0.014 -16"><span class='ocrx_word' id='word_1_239' title='bbox 168 3534 277 3605; x_wconf 86' lang='lat' dir='ltr'>postea</span> <span class='ocrx_word' id='word_1_240' title='bbox 302 3526 516 3595; x_wconf 80' lang='lat' dir='ltr'>refutabitur.</span> 
     </span>
    </p>

    <p class='ocr_par' dir='ltr' id='par_1_4' title="bbox 165 3634 1338 3913">
     <span class='ocr_line' id='line_1_30' title="bbox 272 3634 1338 3718; baseline 0 -19"><span class='ocrx_word' id='word_1_241' title='bbox 272 3634 341 3700; x_wconf 94' lang='lat' dir='ltr'>Iam</span> <span class='ocrx_word' id='word_1_242' title='bbox 381 3635 422 3700; x_wconf 88' lang='lat' dir='ltr'>ad</span> <span class='ocrx_word' id='word_1_243' title='bbox 462 3636 600 3702; x_wconf 81' lang='lat' dir='ltr'>alterum</span> <span class='ocrx_word' id='word_1_244' title='bbox 642 3636 744 3701; x_wconf 86' lang='lat' dir='ltr'>locum</span> <span class='ocrx_word' id='word_1_245' title='bbox 790 3637 970 3718; x_wconf 76' lang='lat' dir='ltr'>vesparum</span> <span class='ocrx_word' id='word_1_246' title='bbox 1020 3640 1236 3717; x_wconf 85' lang='lat' dir='ltr'>transeamus,</span> <span class='ocrx_word' id='word_1_247' title='bbox 1276 3653 1338 3714; x_wconf 89' lang='lat' dir='ltr'>quo</span> 
     </span>
     <span class='ocr_line' id='line_1_31' title="bbox 168 3738 1337 3827; baseline 0.003 -25"><span class='ocrx_word' id='word_1_248' title='bbox 168 3738 442 3809; x_wconf 84' lang='lat' dir='ltr'>Wilamowitzius</span> <span class='ocrx_word' id='word_1_249' title='bbox 465 3745 508 3810; x_wconf 91' lang='lat' dir='ltr'>ad</span> <span class='ocrx_word' id='word_1_250' title='bbox 524 3750 654 3827; x_wconf 84' lang='lat' dir='ltr'>tempus</span> <span class='ocrx_word' id='word_1_251' title='bbox 670 3744 855 3810; x_wconf 84' lang='lat' dir='ltr'>fabularum</span> <span class='ocrx_word' id='word_1_252' title='bbox 869 3743 1102 3824; x_wconf 86' lang='lat' dir='ltr'>Aristophanis</span> <span class='ocrx_word' id='word_1_253' title='bbox 1119 3741 1337 3808; x_wconf 87' lang='lat' dir='ltr'>definiendum</span> 
     </span>
     <span class='ocr_line' id='line_1_32' title="bbox 165 3855 327 3913; baseline 0.019 -3"><span class='ocrx_word' id='word_1_254' title='bbox 165 3864 244 3911; x_wconf 89' lang='lat' dir='ltr'>usus</span> <span class='ocrx_word' id='word_1_255' title='bbox 267 3855 327 3913; x_wconf 89' lang='lat' dir='ltr'>est.</span> 
     </span>
    </p>

    <p class='ocr_par' dir='ltr' id='par_1_5' title="bbox 244 3954 1121 4587">
     <span class='ocr_line' id='line_1_33' title="bbox 325 3954 1121 4042; baseline -0.001 -22"><span class='ocrx_word' id='word_1_256' title='bbox 325 3961 404 4040; x_wconf 80' lang='grc' dir='ltr'><strong><em>φέρε</em></strong></span> <span class='ocrx_word' id='word_1_257' title='bbox 428 3980 488 4022; x_wconf 88' lang='grc' dir='ltr'>νον</span> <span class='ocrx_word' id='word_1_258' title='bbox 511 3961 655 4023; x_wconf 81' lang='grc' dir='ltr'><strong><em>κατείπω</em></strong></span> <span class='ocrx_word' id='word_1_259' title='bbox 678 3965 747 4030; x_wconf 82' lang='grc' dir='ltr'><strong><em>τοῖς</em></strong></span> <span class='ocrx_word' id='word_1_260' title='bbox 770 3962 908 4030; x_wconf 76' lang='grc' dir='ltr'><strong><em>θεαταῖς</em></strong></span> <span class='ocrx_word' id='word_1_261' title='bbox 929 3955 989 4022; x_wconf 88' lang='grc' dir='ltr'>τδν</span> <span class='ocrx_word' id='word_1_262' title='bbox 1012 3954 1121 4042; x_wconf 77' lang='grc' dir='ltr'><strong><em>λόγον,</em></strong></span> 
     </span>
     <span class='ocr_line' id='line_1_34' title="bbox 244 4057 1121 4150; baseline 0 -23"><span class='ocrx_word' id='word_1_263' title='bbox 244 4069 296 4127; x_wconf 68' lang='lat' dir='ltr'>r55</span> <span class='ocrx_word' id='word_1_264' title='bbox 321 4057 403 4144; x_wconf 73' lang='grc' dir='ltr'><strong><em>ὀλίγ’</em></strong></span> <span class='ocrx_word' id='word_1_265' title='bbox 426 4061 505 4130; x_wconf 81' lang='grc' dir='ltr'><strong><em>ἅτθ’</em></strong></span> <span class='ocrx_word' id='word_1_266' title='bbox 529 4060 684 4129; x_wconf 75' lang='grc' dir='ltr'><strong><em>ὑπειπὼν</em></strong></span> <span class='ocrx_word' id='word_1_267' title='bbox 707 4068 838 4150; x_wconf 85' lang='grc' dir='ltr'><strong><em>πρῶτον</em></strong></span> <span class='ocrx_word' id='word_1_268' title='bbox 863 4058 1009 4129; x_wconf 66' lang='lat' dir='ltr'>advocato</span> <span class='ocrx_word' id='word_1_269' title='bbox 1032 4066 1121 4147; x_wconf 86' lang='grc' dir='ltr'><strong><em>ταδί,</em></strong></span> 
     </span>
     <span class='ocr_line' id='line_1_35' title="bbox 324 4166 1064 4258; baseline 0.001 -24"><span class='ocrx_word' id='word_1_270' title='bbox 324 4170 428 4254; x_wconf 77' lang='grc' dir='ltr'><strong><em>μηδὲν</em></strong></span> <span class='ocrx_word' id='word_1_271' title='bbox 451 4167 533 4257; x_wconf 77' lang='grc' dir='ltr'><strong><em>παρ’</em></strong></span> <span class='ocrx_word' id='word_1_272' title='bbox 555 4166 646 4258; x_wconf 78' lang='grc' dir='ltr'><strong><em>ἡμῶν</em></strong></span> <span class='ocrx_word' id='word_1_273' title='bbox 668 4174 858 4258; x_wconf 82' lang='grc' dir='ltr'><strong><em>προσδοκᾶν</em></strong></span> <span class='ocrx_word' id='word_1_274' title='bbox 881 4172 956 4236; x_wconf 88' lang='grc' dir='ltr'><strong><em>λίαν</em></strong></span> <span class='ocrx_word' id='word_1_275' title='bbox 978 4178 1064 4252; x_wconf 88' lang='grc' dir='ltr'><strong><em>μέγα</em></strong></span> 
     </span>
     <span class='ocr_line' id='line_1_36' title="bbox 323 4262 1076 4364; baseline 0.005 -24"><span class='ocrx_word' id='word_1_276' title='bbox 323 4262 445 4364; x_wconf 75' lang='grc' dir='ltr'><strong><em>μηδαῧ</em></strong></span> <span class='ocrx_word' id='word_1_277' title='bbox 469 4279 589 4357; x_wconf 82' lang='grc' dir='ltr'><strong><em>γέλωτα</em></strong></span> <span class='ocrx_word' id='word_1_278' title='bbox 615 4278 819 4361; x_wconf 73' lang='grc' dir='ltr'><strong><em>Μεγαρόθεν</em></strong></span> <span class='ocrx_word' id='word_1_279' title='bbox 843 4281 1076 4360; x_wconf 78' lang='grc' dir='ltr'><strong><em>κεκλεμμένον.</em></strong></span> 
     </span>
     <span class='ocr_line' id='line_1_37' title="bbox 322 4375 1101 4472; baseline -0.001 -23"><span class='ocrx_word' id='word_1_280' title='bbox 322 4380 402 4472; x_wconf 77' lang='grc' dir='ltr'><strong><em>ἡμῖν</em></strong></span> <span class='ocrx_word' id='word_1_281' title='bbox 426 4382 486 4471; x_wconf 83' lang='grc' dir='ltr'>γὰρ</span> <span class='ocrx_word' id='word_1_282' title='bbox 510 4382 568 4450; x_wconf 80' lang='grc' dir='ltr'>οὐκ</span> <span class='ocrx_word' id='word_1_283' title='bbox 592 4383 657 4451; x_wconf 77' lang='grc' dir='ltr'><strong><em>ἔστ’</em></strong></span> <span class='ocrx_word' id='word_1_284' title='bbox 681 4384 754 4451; x_wconf 82' lang='grc' dir='ltr'><strong><em>οὔτε</em></strong></span> <span class='ocrx_word' id='word_1_285' title='bbox 778 4379 864 4472; x_wconf 77' lang='grc' dir='ltr'><strong><em>καρδ</em></strong></span> <span class='ocrx_word' id='word_1_286' title='bbox 887 4375 925 4450; x_wconf 77' lang='grc' dir='ltr'>ἐκ</span> <span class='ocrx_word' id='word_1_287' title='bbox 945 4387 1101 4471; x_wconf 83' lang='grc' dir='ltr'><strong><em>φορμίδος</em></strong></span> 
     </span>
     <span class='ocr_line' id='line_1_38' title="bbox 322 4490 1008 4587; baseline -0.007 -26"><span class='ocrx_word' id='word_1_288' title='bbox 322 4490 425 4561; x_wconf 77' lang='grc' dir='ltr'><strong><em>δούλω</em></strong></span> <span class='ocrx_word' id='word_1_289' title='bbox 450 4495 706 4580; x_wconf 85' lang='grc' dir='ltr'><strong><em>διαρριπτοῦντε</em></strong></span> <span class='ocrx_word' id='word_1_290' title='bbox 728 4502 796 4569; x_wconf 80' lang='grc' dir='ltr'><strong><em>τοῖς</em></strong></span> <span class='ocrx_word' id='word_1_291' title='bbox 817 4498 1008 4587; x_wconf 47' lang='grc' dir='ltr'><strong><em>θεωμένοις,</em></strong></span> 
     </span>
    </p>
   </div>
   <div class='ocr_carea' id='block_1_3' title="bbox 0 0 1596 4994">
    <p class='ocr_par' dir='ltr' id='par_1_6' title="bbox 0 0 1596 4994">
     <span class='ocr_line' id='line_1_39' title="bbox 0 0 1596 4994; baseline 0 1"><span class='ocrx_word' id='word_1_292' title='bbox 0 0 1596 4994; x_wconf 95' lang='lat' dir='ltr'> </span> 
     </span>
    </p>
   </div>
  </div>
 </body>
</html>
