3184 4994
654 426 873 486 ..q...

182 622 294 681 tomen
324 615 394 682 fieri
429 621 569 703 poterat,
599 621 636 682 ut
658 617 742 683 idern
778 615 962 683 vicenarius
985 614 1072 681 circa
1096 632 1216 681 annum
1240 619 1306 679 440
1330 619 1364 679 et

182 729 459 811 septuagenarius
483 728 569 795 eirea
587 749 614 794 a.
630 734 694 795 390
719 728 903 794 comoedias
927 725 1102 810 doceret.⁵)
1125 725 1233 792 Huius
1248 730 1363 806 potitae

182 846 292 900 antem
316 854 495 916 paucarum
519 833 707 902 fabularum
731 835 917 925 fragmenta
941 838 1084 916 exstant,
1109 851 1246 914 quarum
1283 838 1362 897 tem·

181 961 261 1024 pora
287 942 424 1011 delinire
448 962 511 1009 non
536 942 625 1011 licet.

289 1050 435 1117 Tandem
470 1050 511 1116 ad
547 1050 716 1116 Cratinum
753 1049 963 1131 pervenimus
998 1048 1053 1129 qui
1087 1065 1172 1114 anno
1202 1045 1273 1112 fere
1296 1051 1362 1112 438

182 1176 230 1240 eo,
255 1157 311 1238 qui
336 1157 389 1223 hie
413 1162 692 1242 commemoratur,
719 1157 771 1223 die
794 1155 880 1222 leste
904 1155 1044 1238 primum
1069 1154 1159 1221 vicit.
1203 1153 1360 1220 Sed'eum

140 1315 142 1321 .
184 1284 257 1330 eum
281 1265 345 1330 iam
370 1264 473 1330 multo
498 1270 595 1330 antea
618 1262 750 1331 fabulas
774 1264 808 1330 in
832 1282 962 1330 scenam
993 1261 1194 1329 commisisse
1224 1268 1361 1342 constet,

184 1391 262 1438 casu
287 1372 421 1439 videtur
443 1372 568 1438 facturn
592 1391 677 1453 esse,
701 1379 737 1439 nt
760 1375 821 1438 hoc
843 1370 930 1438 festo
946 1390 1020 1438 sero
1037 1371 1174 1454 primam
1193 1367 1361 1436 victoriam

182 1478 430 1560 adipisceretur.
1280 1541 1283 1547 .

291 1586 492 1667 Fragmenta
527 1587 581 1654 val
618 1586 707 1652 tituli
745 1585 865 1668 viginti
902 1591 1058 1668 quattuor
1080 1586 1265 1652 fabularum
1289 1585 1362 1651 eius

182 1694 275 1759 nohis
300 1693 424 1761 servati
448 1703 533 1760 sunt
582 1695 704 1760 Harum
723 1694 874 1779 quinque
899 1693 976 1760 belli
990 1693 1256 1774 Peloponnesiaci
1281 1699 1361 1759 tem·

181 1802 315 1883 poribus
339 1810 430 1867 actas
452 1820 526 1869 esse
550 1808 664 1883 postea
689 1802 975 1886 demonstrabitur,
1001 1805 1132 1889 ceterae
1160 1800 1231 1867 sino
1261 1800 1359 1868 dubio

181 1910 355 1974 maximam
391 1918 518 1998 partem
555 1917 655 1976 antea
689 1910 725 1975 in
759 1928 891 1976 scenam
928 1906 1118 1975 commissae
1160 1914 1254 1995 sunt,
1301 1908 1358 1975 sed

181 2034 358 2098 pallearum
395 2023 525 2099 tempus
559 2016 747 2082 accuratius
783 2016 918 2103 definire
953 2016 1036 2083 viris
1071 2016 1181 2082 doctis
1209 2015 1358 2098 contigit.

182 2124 285 2189 Panlo
310 2133 384 2208 post
407 2124 547 2190 dictonis
583 2130 717 2191 montom
755 2123 944 2190 Archilochi
967 2114 1041 2188 atta
1066 2123 1199 2191 videtur
1224 2120 1360 2208 (Bergk.

183 2232 254 2298 Rel.
279 2250 356 2298 cem.
381 2235 451 2298 Att.
476 2232 674 2314 ruinaque
710 2232 843 2323 dubium
879 2237 940 2315 est,
976 2231 1055 2312 quin
1079 2232 1259 2317 Thressae,
1296 2250 1361 2311 qna

180 2336 296 2405 fabula
329 2339 577 2424 peregrinorum
612 2340 746 2407 deorum
781 2341 905 2407 cultum
941 2330 1179 2423 perstrinxisse
1216 2338 1358 2422 videtur,

182 2447 295 2512 statim
321 2454 395 2529 post
417 2447 630 2535 Thucydidis,
656 2449 813 2515 Melesiae
837 2449 906 2533 lilii,
932 2435 1159 2515 estracismum
1183 2448 1280 2513 docta
1304 2447 1359 2514 sit.

182 2556 295 2636 Neque
318 2557 404 2622 male
429 2556 595 2638 Bergkius
620 2555 655 2642 (l.
679 2556 702 2622 l.
722 2576 751 2638 p.
772 2557 850 2642 142)
873 2563 908 2622 et
931 2546 1073 2622 Cebetas
1091 2553 1361 2640 (Observationes

182 2663 318 2730 criticae
340 2664 375 2730 in
388 2663 537 2731 Platonis
551 2664 664 2730 comici
688 2664 844 2745 reliquias
860 2683 890 2746 p.
910 2668 963 2744 18)
980 2664 1190 2730 coniecerunt
1212 2654 1361 2747 Ὀδυσσῆς

182 2778 316 2853 propter
339 2772 523 2854 argumenti
559 2772 801 2855 simplieitatem
837 2771 886 2839 eis
918 2771 1120 2853 temporibus
1144 2779 1250 2836 actam
1274 2789 1360 2852 esse,

182 2878 301 2958 quibus
336 2880 520 2945 comoediae
554 2881 691 2946 libertas
718 2880 850 2963 legibus
881 2879 1022 2945 coercita
1047 2885 1121 2944 erat
1144 2877 1360 2962 (440—437).

184 2985 233 3051 Ea
256 2991 376 3070 tamon,
412 3005 495 3067 qnae
531 2987 672 3054 Cohetus
708 2985 752 3072 (p.
777 2994 820 3053 24
843 2990 925 3068 sqq.)
950 2986 990 3052 de
1014 2985 1359 3067 tempore'Ohirenum

181 3112 223 3160 ex
247 3094 372 3160 duobus
394 3095 492 3161 huius
516 3097 649 3162 fabulae
671 3097 823 3164 versibus
840 3096 1016 3178 concludit,
1040 3094 1261 3161 incertissima
1274 3099 1360 3160 sunt.

181 3204 296 3283 Neque
319 3221 368 3285 ea,
393 3221 477 3283 quae
500 3203 562 3269 viri
587 3203 674 3269 docti
698 3223 738 3269 ex
762 3202 940 3285 Lamponia
964 3201 1129 3268 mentione
1152 3203 1192 3267 de
1215 3207 1360 3282 tempore

182 3309 390 3376 Feminarum
427 3310 644 3392 fugitivarum
680 3311 897 3399 collegerunt,
934 3316 1025 3376 share
1047 3327 1144 3392 posse
1167 3311 1238 3396 Leo
1260 3311 1360 3393 (Mus,

183 3419 287 3485 Rhen.
326 3425 366 3484 33
403 3438 433 3501 p.
467 3423 545 3500 408)
581 3419 850 3485 luculentissimis
891 3402 1075 3485 rationibus
1114 3417 1360 3484 demonstravit.

188 3526 232 3589 De
268 3546 353 3593 anno
377 3527 625 3593 mortishuins
660 3512 776 3610 potitae
811 3535 926 3609 postea
962 3526 1056 3593 nohis
1089 3524 1261 3592 dicendum
1285 3525 1358 3591 erit.

290 3635 515 3717 Pherecrates,
538 3636 631 3703 ouius
647 3654 763 3702 nomen
787 3635 821 3700 in
840 3636 901 3701 hoo
922 3635 1031 3701 indice
1046 3635 1208 3718 sequitur,
1226 3636 1267 3700 ab
1284 3652 1360 3698 ano·

58 3725 62 3731 ’
184 3756 280 3819 nymo
293 3740 532 3823 duodeviginti,
557 3764 577 3808 a
601 3742 704 3809 Suida
727 3742 869 3808 sedecim
886 3742 1018 3809 fabulas
1038 3741 1215 3815 inscenam
1229 3740 1357 3807 commi-

183 3845 266 3912 sisse
283 3846 412 3914 dicitur.
437 3851 577 3917 Servata
596 3857 708 3917 antem
727 3860 805 3916 sunt
821 3848 1008 3933 fragmenta
1024 3850 1079 3917 vel
1096 3848 1188 3915 tituli
1205 3848 1358 3914 duodevi-

183 3954 269 4036 ginti
282 3954 480 4043 fahtrlarum,
496 3976 536 4024 ex
549 3959 666 4039 quihus
679 3958 822 4040 quinque
835 3958 900 4023 iam
927 3957 1072 4039 antiquis
1084 3957 1209 4023 criticis
1228 3957 1360 4038 spuriae

183 4061 391 4128 videbantur.
437 4064 488 4129 Ex
522 4066 637 4132 harum
673 4084 807 4133 numere
843 4065 925 4131 duas
960 4065 1030 4132 eius
1063 4064 1248 4131 comoedias
1272 4065 1359 4129 hello

182 4170 420 4252 Peloponnesio
453 4179 545 4237 aetas
576 4158 647 4239 esse
679 4174 872 4257 videbimus,
905 4182 1034 4240 ceteras
1059 4191 1207 4254 maguam
1233 4158 1359 4254 partem

245 4349 267 4413 ⁶)
287 4348 408 4403 Eandem
426 4347 588 4402 sententiam
616 4348 708 4403 nenio
727 4350 785 4422 „ha
803 4350 920 4408 cernedie
947 4350 1081 4419 greeque“
1112 4349 1134 4421 Ι,
1154 4363 1188 4420 p.
1217 4348 1269 4403 236
1298 4347 1359 4402 adn.

289 4440 401 4509 protert.
851 4470 854 4474 -
